{
  "scrapedAt": "2026-02-17T12:28:44.854Z",
  "count": 247,
  "products": [
    {
      "id": "woolworths-663393",
      "name": "Northern Beaches Coffee Roasters Bearded Barista Coffee Beans",
      "brand": "Northern Beaches Coffee Roasters",
      "price": 33,
      "wasPrice": null,
      "savingsAmount": 0,
      "isOnSpecial": false,
      "cupPrice": "$3.30 / 100G",
      "cupPriceValue": 3.3,
      "size": "1kg",
      "image": "https://cdn0.woolworths.media/content/wowproductimages/medium/663393.jpg",
      "url": "https://www.woolworths.com.au/shop/productdetails/663393/northern-beaches-coffee-roasters-bearded-barista-coffee-beans",
      "retailer": "Woolworths",
      "category": "Beans",
      "slug": "northern-beaches-coffee-roasters-bearded-barista-coffee-beans--woolworths"
    },
    {
      "id": "woolworths-162140",
      "name": "Vittoria Espresso Coffee Beans",
      "brand": "Vittoria",
      "price": 39,
      "wasPrice": 56,
      "savingsAmount": 17,
      "isOnSpecial": true,
      "cupPrice": "$3.90 / 100G",
      "cupPriceValue": 3.9,
      "size": "1kg",
      "image": "https://cdn0.woolworths.media/content/wowproductimages/medium/162140.jpg",
      "url": "https://www.woolworths.com.au/shop/productdetails/162140/vittoria-espresso-coffee-beans",
      "retailer": "Woolworths",
      "category": "Beans",
      "slug": "vittoria-espresso-coffee-beans--woolworths"
    },
    {
      "id": "woolworths-6056658",
      "name": "Coffee. Beans Medium Roast",
      "brand": "Coffee.",
      "price": 18,
      "wasPrice": null,
      "savingsAmount": 0,
      "isOnSpecial": false,
      "cupPrice": "$1.80 / 100G",
      "cupPriceValue": 1.8,
      "size": "1kg",
      "image": "https://cdn0.woolworths.media/content/wowproductimages/medium/6056658.jpg",
      "url": "https://www.woolworths.com.au/shop/productdetails/6056658/coffee-beans-medium-roast",
      "retailer": "Woolworths",
      "category": "Beans",
      "slug": "coffee-beans-medium-roast--woolworths"
    },
    {
      "id": "woolworths-78476",
      "name": "Vittoria Italian Coffee Beans",
      "brand": "Vittoria",
      "price": 50,
      "wasPrice": null,
      "savingsAmount": 0,
      "isOnSpecial": false,
      "cupPrice": "$5.00 / 100G",
      "cupPriceValue": 5,
      "size": "1kg",
      "image": "https://cdn0.woolworths.media/content/wowproductimages/medium/078476.jpg",
      "url": "https://www.woolworths.com.au/shop/productdetails/78476/vittoria-italian-coffee-beans",
      "retailer": "Woolworths",
      "category": "Beans",
      "slug": "vittoria-italian-coffee-beans--woolworths"
    },
    {
      "id": "woolworths-94146",
      "name": "Lavazza Espresso Barista Intenso Coffee Beans",
      "brand": "Lavazza",
      "price": 30,
      "wasPrice": 44,
      "savingsAmount": 14,
      "isOnSpecial": true,
      "cupPrice": "$3.00 / 100G",
      "cupPriceValue": 3,
      "size": "1kg",
      "image": "https://cdn0.woolworths.media/content/wowproductimages/medium/094146.jpg",
      "url": "https://www.woolworths.com.au/shop/productdetails/94146/lavazza-espresso-barista-intenso-coffee-beans",
      "retailer": "Woolworths",
      "category": "Beans",
      "slug": "lavazza-espresso-barista-intenso-coffee-beans--woolworths"
    },
    {
      "id": "woolworths-94147",
      "name": "Lavazza Espresso Barista Gran Crema Coffee Beans",
      "brand": "Lavazza",
      "price": 30,
      "wasPrice": 44,
      "savingsAmount": 14,
      "isOnSpecial": true,
      "cupPrice": "$3.00 / 100G",
      "cupPriceValue": 3,
      "size": "1kg",
      "image": "https://cdn0.woolworths.media/content/wowproductimages/medium/094147.jpg",
      "url": "https://www.woolworths.com.au/shop/productdetails/94147/lavazza-espresso-barista-gran-crema-coffee-beans",
      "retailer": "Woolworths",
      "category": "Beans",
      "slug": "lavazza-espresso-barista-gran-crema-coffee-beans--woolworths"
    },
    {
      "id": "woolworths-139527",
      "name": "Wood Fired Coffee Beans Coffee Beans",
      "brand": "Wood Fired Coffee",
      "price": 16.8,
      "wasPrice": 21,
      "savingsAmount": 4.2,
      "isOnSpecial": true,
      "cupPrice": "$3.36 / 100G",
      "cupPriceValue": 3.36,
      "size": "500g",
      "image": "https://cdn0.woolworths.media/content/wowproductimages/medium/139527.jpg",
      "url": "https://www.woolworths.com.au/shop/productdetails/139527/wood-fired-coffee-beans-coffee-beans",
      "retailer": "Woolworths",
      "category": "Beans",
      "slug": "wood-fired-coffee-beans-coffee-beans--woolworths"
    },
    {
      "id": "woolworths-158974",
      "name": "Caffe Aurora Italian Blend Coffee Beans",
      "brand": "Caffe Aurora",
      "price": 29,
      "wasPrice": null,
      "savingsAmount": 0,
      "isOnSpecial": false,
      "cupPrice": "$2.90 / 100G",
      "cupPriceValue": 2.9,
      "size": "1kg",
      "image": "https://cdn0.woolworths.media/content/wowproductimages/medium/158974.jpg",
      "url": "https://www.woolworths.com.au/shop/productdetails/158974/caffe-aurora-italian-blend-coffee-beans",
      "retailer": "Woolworths",
      "category": "Beans",
      "slug": "caffe-aurora-italian-blend-coffee-beans--woolworths"
    },
    {
      "id": "woolworths-284455",
      "name": "Vittoria Mountain Grown Coffee Beans",
      "brand": "Vittoria",
      "price": 53,
      "wasPrice": null,
      "savingsAmount": 0,
      "isOnSpecial": false,
      "cupPrice": "$5.30 / 100G",
      "cupPriceValue": 5.3,
      "size": "1kg",
      "image": "https://cdn0.woolworths.media/content/wowproductimages/medium/284455.jpg",
      "url": "https://www.woolworths.com.au/shop/productdetails/284455/vittoria-mountain-grown-coffee-beans",
      "retailer": "Woolworths",
      "category": "Beans",
      "slug": "vittoria-mountain-grown-coffee-beans--woolworths"
    },
    {
      "id": "woolworths-92553",
      "name": "Harris Coffee Beans Smooth",
      "brand": "Harris",
      "price": 37,
      "wasPrice": null,
      "savingsAmount": 0,
      "isOnSpecial": false,
      "cupPrice": "$3.70 / 100G",
      "cupPriceValue": 3.7,
      "size": "1kg",
      "image": "https://cdn0.woolworths.media/content/wowproductimages/medium/092553.jpg",
      "url": "https://www.woolworths.com.au/shop/productdetails/92553/harris-coffee-beans-smooth",
      "retailer": "Woolworths",
      "category": "Beans",
      "slug": "harris-coffee-beans-smooth--woolworths"
    },
    {
      "id": "woolworths-94138",
      "name": "Campos Superior Coffee Beans",
      "brand": "Campos",
      "price": 65,
      "wasPrice": null,
      "savingsAmount": 0,
      "isOnSpecial": false,
      "cupPrice": "$6.50 / 100G",
      "cupPriceValue": 6.5,
      "size": "1kg",
      "image": "https://cdn0.woolworths.media/content/wowproductimages/medium/094138.jpg",
      "url": "https://www.woolworths.com.au/shop/productdetails/94138/campos-superior-coffee-beans",
      "retailer": "Woolworths",
      "category": "Beans",
      "slug": "campos-superior-coffee-beans--woolworths"
    },
    {
      "id": "woolworths-309662",
      "name": "Lavazza Tales Of Italy Roma Coffee Beans",
      "brand": "Lavazza",
      "price": 20,
      "wasPrice": null,
      "savingsAmount": 0,
      "isOnSpecial": false,
      "cupPrice": "$4.00 / 100G",
      "cupPriceValue": 4,
      "size": "500g",
      "image": "https://cdn0.woolworths.media/content/wowproductimages/medium/309662.jpg",
      "url": "https://www.woolworths.com.au/shop/productdetails/309662/lavazza-tales-of-italy-roma-coffee-beans",
      "retailer": "Woolworths",
      "category": "Beans",
      "slug": "lavazza-tales-of-italy-roma-coffee-beans--woolworths"
    },
    {
      "id": "woolworths-882228",
      "name": "Lone Crow Barista Roast Coffee Beans",
      "brand": "Lone Crow",
      "price": 30,
      "wasPrice": null,
      "savingsAmount": 0,
      "isOnSpecial": false,
      "cupPrice": "$3.00 / 100G",
      "cupPriceValue": 3,
      "size": "1kg",
      "image": "https://cdn0.woolworths.media/content/wowproductimages/medium/882228.jpg",
      "url": "https://www.woolworths.com.au/shop/productdetails/882228/lone-crow-barista-roast-coffee-beans",
      "retailer": "Woolworths",
      "category": "Beans",
      "slug": "lone-crow-barista-roast-coffee-beans--woolworths"
    },
    {
      "id": "woolworths-905303",
      "name": "dc Coffee The Duchess Beans",
      "brand": "dc Coffee",
      "price": 9.9,
      "wasPrice": null,
      "savingsAmount": 0,
      "isOnSpecial": false,
      "cupPrice": "$3.96 / 100G",
      "cupPriceValue": 3.96,
      "size": "250g",
      "image": "https://cdn0.woolworths.media/content/wowproductimages/medium/905303.jpg",
      "url": "https://www.woolworths.com.au/shop/productdetails/905303/dc-coffee-the-duchess-beans",
      "retailer": "Woolworths",
      "category": "Beans",
      "slug": "dc-coffee-the-duchess-beans--woolworths"
    },
    {
      "id": "woolworths-781407",
      "name": "Vittoria Organic Coffee Beans",
      "brand": "Vittoria",
      "price": 48,
      "wasPrice": 64,
      "savingsAmount": 16,
      "isOnSpecial": true,
      "cupPrice": "$4.80 / 100G",
      "cupPriceValue": 4.8,
      "size": "1kg",
      "image": "https://cdn0.woolworths.media/content/wowproductimages/medium/781407.jpg",
      "url": "https://www.woolworths.com.au/shop/productdetails/781407/vittoria-organic-coffee-beans",
      "retailer": "Woolworths",
      "category": "Beans",
      "slug": "vittoria-organic-coffee-beans--woolworths"
    },
    {
      "id": "woolworths-6025750",
      "name": "The Killer Coffee Co Industrial Strength Coffee Beans",
      "brand": "The Killer Coffee Co",
      "price": 24,
      "wasPrice": null,
      "savingsAmount": 0,
      "isOnSpecial": false,
      "cupPrice": "$3.43 / 100G",
      "cupPriceValue": 3.43,
      "size": "700g",
      "image": "https://cdn0.woolworths.media/content/wowproductimages/medium/6025750.jpg",
      "url": "https://www.woolworths.com.au/shop/productdetails/6025750/the-killer-coffee-co-industrial-strength-coffee-beans",
      "retailer": "Woolworths",
      "category": "Beans",
      "slug": "the-killer-coffee-co-industrial-strength-coffee-beans--woolworths"
    },
    {
      "id": "woolworths-159160",
      "name": "Lavazza Crema e Gusto Classico Coffee Beans",
      "brand": "Lavazza",
      "price": 35,
      "wasPrice": null,
      "savingsAmount": 0,
      "isOnSpecial": false,
      "cupPrice": "$3.50 / 100G",
      "cupPriceValue": 3.5,
      "size": "1kg",
      "image": "https://cdn0.woolworths.media/content/wowproductimages/medium/159160.jpg",
      "url": "https://www.woolworths.com.au/shop/productdetails/159160/lavazza-crema-e-gusto-classico-coffee-beans",
      "retailer": "Woolworths",
      "category": "Beans",
      "slug": "lavazza-crema-e-gusto-classico-coffee-beans--woolworths"
    },
    {
      "id": "woolworths-6025960",
      "name": "The Killer Coffee Co Beans Darkerside",
      "brand": "The Killer Coffee Co",
      "price": 24,
      "wasPrice": null,
      "savingsAmount": 0,
      "isOnSpecial": false,
      "cupPrice": "$3.43 / 100G",
      "cupPriceValue": 3.43,
      "size": "700g",
      "image": "https://cdn0.woolworths.media/content/wowproductimages/medium/6025960.jpg",
      "url": "https://www.woolworths.com.au/shop/productdetails/6025960/the-killer-coffee-co-beans-darkerside",
      "retailer": "Woolworths",
      "category": "Beans",
      "slug": "the-killer-coffee-co-beans-darkerside--woolworths"
    },
    {
      "id": "woolworths-6026642",
      "name": "Vittoria Italian Blend Coffee Beans",
      "brand": "Vittoria",
      "price": 19.5,
      "wasPrice": 28,
      "savingsAmount": 8.5,
      "isOnSpecial": true,
      "cupPrice": "$3.90 / 100G",
      "cupPriceValue": 3.9,
      "size": "500g",
      "image": "https://cdn0.woolworths.media/content/wowproductimages/medium/6026642.jpg",
      "url": "https://www.woolworths.com.au/shop/productdetails/6026642/vittoria-italian-blend-coffee-beans",
      "retailer": "Woolworths",
      "category": "Beans",
      "slug": "vittoria-italian-blend-coffee-beans--woolworths"
    },
    {
      "id": "woolworths-905320",
      "name": "dc Coffee The Darkness Beans",
      "brand": "dc Coffee",
      "price": 9.9,
      "wasPrice": null,
      "savingsAmount": 0,
      "isOnSpecial": false,
      "cupPrice": "$3.96 / 100G",
      "cupPriceValue": 3.96,
      "size": "250g",
      "image": "https://cdn0.woolworths.media/content/wowproductimages/medium/905320.jpg",
      "url": "https://www.woolworths.com.au/shop/productdetails/905320/dc-coffee-the-darkness-beans",
      "retailer": "Woolworths",
      "category": "Beans",
      "slug": "dc-coffee-the-darkness-beans--woolworths"
    },
    {
      "id": "woolworths-167556",
      "name": "Vittoria Espresso Beans",
      "brand": "Vittoria",
      "price": 32.5,
      "wasPrice": null,
      "savingsAmount": 0,
      "isOnSpecial": false,
      "cupPrice": "$6.50 / 100G",
      "cupPriceValue": 6.5,
      "size": "500g",
      "image": "https://cdn0.woolworths.media/content/wowproductimages/medium/167556.jpg",
      "url": "https://www.woolworths.com.au/shop/productdetails/167556/vittoria-espresso-beans",
      "retailer": "Woolworths",
      "category": "Beans",
      "slug": "vittoria-espresso-beans--woolworths"
    },
    {
      "id": "woolworths-74006",
      "name": "Lavazza Qualità Oro Coffee Coffee Beans",
      "brand": "Lavazza",
      "price": 50,
      "wasPrice": null,
      "savingsAmount": 0,
      "isOnSpecial": false,
      "cupPrice": "$5.00 / 100G",
      "cupPriceValue": 5,
      "size": "1kg",
      "image": "https://cdn0.woolworths.media/content/wowproductimages/medium/074006.jpg",
      "url": "https://www.woolworths.com.au/shop/productdetails/74006/lavazza-qualit-oro-coffee-coffee-beans",
      "retailer": "Woolworths",
      "category": "Beans",
      "slug": "lavazza-qualit-oro-coffee-coffee-beans--woolworths"
    },
    {
      "id": "woolworths-690361",
      "name": "Macro Organic Medium Coffee Beans",
      "brand": "Macro",
      "price": 7.5,
      "wasPrice": null,
      "savingsAmount": 0,
      "isOnSpecial": false,
      "cupPrice": "$3.75 / 100G",
      "cupPriceValue": 3.75,
      "size": "200g",
      "image": "https://cdn0.woolworths.media/content/wowproductimages/medium/690361.jpg",
      "url": "https://www.woolworths.com.au/shop/productdetails/690361/macro-organic-medium-coffee-beans",
      "retailer": "Woolworths",
      "category": "Beans",
      "slug": "macro-organic-medium-coffee-beans--woolworths"
    },
    {
      "id": "woolworths-6025770",
      "name": "The Killer Coffee Co Beans Medium Roast",
      "brand": "The Killer Coffee Co",
      "price": 24,
      "wasPrice": null,
      "savingsAmount": 0,
      "isOnSpecial": false,
      "cupPrice": "$3.43 / 100G",
      "cupPriceValue": 3.43,
      "size": "700g",
      "image": "https://cdn0.woolworths.media/content/wowproductimages/medium/6025770.jpg",
      "url": "https://www.woolworths.com.au/shop/productdetails/6025770/the-killer-coffee-co-beans-medium-roast",
      "retailer": "Woolworths",
      "category": "Beans",
      "slug": "the-killer-coffee-co-beans-medium-roast--woolworths"
    },
    {
      "id": "woolworths-785433",
      "name": "Sacred Grounds Breezy Blend Coffee Beans",
      "brand": "Sacred Grounds",
      "price": 25,
      "wasPrice": 31,
      "savingsAmount": 6,
      "isOnSpecial": true,
      "cupPrice": "$5.00 / 100G",
      "cupPriceValue": 5,
      "size": "500g",
      "image": "https://cdn0.woolworths.media/content/wowproductimages/medium/785433.jpg",
      "url": "https://www.woolworths.com.au/shop/productdetails/785433/sacred-grounds-breezy-blend-coffee-beans",
      "retailer": "Woolworths",
      "category": "Beans",
      "slug": "sacred-grounds-breezy-blend-coffee-beans--woolworths"
    },
    {
      "id": "woolworths-309483",
      "name": "Lavazza Tales Of Italy Napoli Coffee Beans",
      "brand": "Lavazza",
      "price": 20,
      "wasPrice": null,
      "savingsAmount": 0,
      "isOnSpecial": false,
      "cupPrice": "$4.00 / 100G",
      "cupPriceValue": 4,
      "size": "500g",
      "image": "https://cdn0.woolworths.media/content/wowproductimages/medium/309483.jpg",
      "url": "https://www.woolworths.com.au/shop/productdetails/309483/lavazza-tales-of-italy-napoli-coffee-beans",
      "retailer": "Woolworths",
      "category": "Beans",
      "slug": "lavazza-tales-of-italy-napoli-coffee-beans--woolworths"
    },
    {
      "id": "woolworths-309672",
      "name": "Lavazza Espresso Barista Organic Coffee Beans",
      "brand": "Lavazza",
      "price": 50,
      "wasPrice": null,
      "savingsAmount": 0,
      "isOnSpecial": false,
      "cupPrice": "$5.00 / 100G",
      "cupPriceValue": 5,
      "size": "1kg",
      "image": "https://cdn0.woolworths.media/content/wowproductimages/medium/309672.jpg",
      "url": "https://www.woolworths.com.au/shop/productdetails/309672/lavazza-espresso-barista-organic-coffee-beans",
      "retailer": "Woolworths",
      "category": "Beans",
      "slug": "lavazza-espresso-barista-organic-coffee-beans--woolworths"
    },
    {
      "id": "amazon-1771331310665-2xi2w-0",
      "name": "DC CoffeeThe Darkness Strong Espresso Blend - Vanilla, Almond and Dark Chocolate Flavor - Embrace the Monstrous Brew, Where Flavor Meets Fear - (Whole Coffee Beans, 1Kg)",
      "brand": "DC CoffeeThe",
      "price": 54.35,
      "wasPrice": null,
      "savingsAmount": 0,
      "isOnSpecial": false,
      "cupPrice": "$5.44 / 100g",
      "cupPriceValue": 5.44,
      "size": "1Kg",
      "image": "https://m.media-amazon.com/images/I/71+1woMQAkL._AC_UL320_.jpg",
      "url": "https://www.amazon.com.au/dp/B0CM94DWHV",
      "retailer": "Amazon AU",
      "category": "Beans",
      "slug": "dc-coffeethe-darkness-strong-espresso-blend-vanilla-almond-and-dark-chocolate-fl--amazon-au"
    },
    {
      "id": "amazon-1771331310666-jm2jn-1",
      "name": "Piazza D'OroForza 1KG Coffee Beans",
      "brand": "Piazza",
      "price": 58.8,
      "wasPrice": null,
      "savingsAmount": 0,
      "isOnSpecial": false,
      "cupPrice": "$5.88 / 100g",
      "cupPriceValue": 5.88,
      "size": "1KG",
      "image": "https://m.media-amazon.com/images/I/61dQLSSlb-L._AC_UL320_.jpg",
      "url": "https://www.amazon.com.au/dp/B09C2YY5PS",
      "retailer": "Amazon AU",
      "category": "Beans",
      "slug": "piazza-doroforza-1kg-coffee-beans--amazon-au"
    },
    {
      "id": "amazon-1771331310666-1ik89-2",
      "name": "Piazza D'OroMezzo 1KG Coffee Beans",
      "brand": "Piazza",
      "price": 58.8,
      "wasPrice": null,
      "savingsAmount": 0,
      "isOnSpecial": false,
      "cupPrice": "$5.88 / 100g",
      "cupPriceValue": 5.88,
      "size": "1KG",
      "image": "https://m.media-amazon.com/images/I/61+wmOXrpTL._AC_UL320_.jpg",
      "url": "https://www.amazon.com.au/dp/B09C2Z5NX8",
      "retailer": "Amazon AU",
      "category": "Beans",
      "slug": "piazza-doromezzo-1kg-coffee-beans--amazon-au"
    },
    {
      "id": "amazon-1771331310668-jnd26-3",
      "name": "De'LonghiSignature Blend Coffee Beans, 1Kg",
      "brand": "De",
      "price": 39,
      "wasPrice": null,
      "savingsAmount": 0,
      "isOnSpecial": false,
      "cupPrice": "$3.90 / 100g",
      "cupPriceValue": 3.9,
      "size": "1Kg",
      "image": "https://m.media-amazon.com/images/I/51geBr1ddeL._AC_UL320_.jpg",
      "url": "https://www.amazon.com.au/dp/B076HLXH27",
      "retailer": "Amazon AU",
      "category": "Beans",
      "slug": "delonghisignature-blend-coffee-beans-1kg--amazon-au"
    },
    {
      "id": "amazon-1771331310668-f6800-4",
      "name": "Brasilia CoffeeBrasilia Coffee Beans1kg B&W Italian Espresso, 1 kg",
      "brand": "Brasilia CoffeeBrasilia",
      "price": 24.98,
      "wasPrice": null,
      "savingsAmount": 0,
      "isOnSpecial": false,
      "cupPrice": "$2.50 / 100g",
      "cupPriceValue": 2.5,
      "size": "1kg",
      "image": "https://m.media-amazon.com/images/I/61yCKqzaFCL._AC_UL320_.jpg",
      "url": "https://www.amazon.com.au/dp/B08K3GHSM5",
      "retailer": "Amazon AU",
      "category": "Beans",
      "slug": "brasilia-coffeebrasilia-coffee-beans1kg-bw-italian-espresso-1-kg--amazon-au"
    },
    {
      "id": "amazon-1771331310669-hh1g0-5",
      "name": "HarrisSmooth Coffee Beans, 1kg",
      "brand": "HarrisSmooth Coffee",
      "price": 33.9,
      "wasPrice": null,
      "savingsAmount": 0,
      "isOnSpecial": false,
      "cupPrice": "$3.39 / 100g",
      "cupPriceValue": 3.39,
      "size": "1kg",
      "image": "https://m.media-amazon.com/images/I/6187v1uWABL._AC_UL320_.jpg",
      "url": "https://www.amazon.com.au/dp/B0888MZCGF",
      "retailer": "Amazon AU",
      "category": "Beans",
      "slug": "harrissmooth-coffee-beans-1kg--amazon-au"
    },
    {
      "id": "amazon-1771331310670-1xw4d-6",
      "name": "DC CoffeeThe Duchess Strong Coffee Blend - Embrace Your Power with Toffee, Cherry, and Butterscotch Tasting Notes (Whole Coffee Bean, 1Kg)",
      "brand": "DC CoffeeThe",
      "price": 44.9,
      "wasPrice": null,
      "savingsAmount": 0,
      "isOnSpecial": false,
      "cupPrice": "$4.49 / 100g",
      "cupPriceValue": 4.49,
      "size": "1Kg",
      "image": "https://m.media-amazon.com/images/I/71gLEuF42iL._AC_UL320_.jpg",
      "url": "https://www.amazon.com.au/dp/B0CM959PG7",
      "retailer": "Amazon AU",
      "category": "Beans",
      "slug": "dc-coffeethe-duchess-strong-coffee-blend-embrace-your-power-with-toffee-cherry-a--amazon-au"
    },
    {
      "id": "amazon-1771331310671-m4hbf-7",
      "name": "DC CoffeeB-Side Espresso Coffee Blend Blend - Sweet and Nutty Melodic Notes of Caramel, Raw Sugar and Nectarine Your Daily Rhythm of Supreme Flavors and Creative Inspiration - (Whole Coffee Beans, 1kg)",
      "brand": "DC CoffeeB",
      "price": 45.9,
      "wasPrice": null,
      "savingsAmount": 0,
      "isOnSpecial": false,
      "cupPrice": "$4.59 / 100g",
      "cupPriceValue": 4.59,
      "size": "1kg",
      "image": "https://m.media-amazon.com/images/I/71MuKSIZAsL._AC_UL320_.jpg",
      "url": "https://www.amazon.com.au/dp/B0CM346SQB",
      "retailer": "Amazon AU",
      "category": "Beans",
      "slug": "dc-coffeeb-side-espresso-coffee-blend-blend-sweet-and-nutty-melodic-notes-of-car--amazon-au"
    },
    {
      "id": "amazon-1771331310672-t59ht-8",
      "name": "Brasilia CoffeeBrasilia Coffee Beans 500g Supa Crema, 500 g",
      "brand": "Brasilia CoffeeBrasilia",
      "price": 13.4,
      "wasPrice": null,
      "savingsAmount": 0,
      "isOnSpecial": false,
      "cupPrice": "$2.68 / 100g",
      "cupPriceValue": 2.68,
      "size": "500g",
      "image": "https://m.media-amazon.com/images/I/71g5xpdKy3L._AC_UL320_.jpg",
      "url": "https://www.amazon.com.au/dp/B08K3H211K",
      "retailer": "Amazon AU",
      "category": "Beans",
      "slug": "brasilia-coffeebrasilia-coffee-beans-500g-supa-crema-500-g--amazon-au"
    },
    {
      "id": "amazon-1771331310672-6k62p-9",
      "name": "Brasilia CoffeeBrasilia Coffee Beans 1kg Italian Espresso, 1 kg",
      "brand": "Brasilia CoffeeBrasilia",
      "price": 26.5,
      "wasPrice": null,
      "savingsAmount": 0,
      "isOnSpecial": false,
      "cupPrice": "$2.65 / 100g",
      "cupPriceValue": 2.65,
      "size": "1kg",
      "image": "https://m.media-amazon.com/images/I/713Lmq--GhL._AC_UL320_.jpg",
      "url": "https://www.amazon.com.au/dp/B08K3M76HG",
      "retailer": "Amazon AU",
      "category": "Beans",
      "slug": "brasilia-coffeebrasilia-coffee-beans-1kg-italian-espresso-1-kg--amazon-au"
    },
    {
      "id": "amazon-1771331310673-fovym-10",
      "name": "Byron Bay Coffee CompanyCertified Organic Espresso Whole Bean, 250 g",
      "brand": "Byron Bay",
      "price": 18,
      "wasPrice": null,
      "savingsAmount": 0,
      "isOnSpecial": false,
      "cupPrice": "$7.20 / 100g",
      "cupPriceValue": 7.2,
      "size": "250g",
      "image": "https://m.media-amazon.com/images/I/718lgpbx1vL._AC_UL320_.jpg",
      "url": "https://www.amazon.com.au/dp/B079YJC5RC",
      "retailer": "Amazon AU",
      "category": "Beans",
      "slug": "byron-bay-coffee-companycertified-organic-espresso-whole-bean-250-g--amazon-au"
    },
    {
      "id": "amazon-1771331310673-ktjdz-11",
      "name": "HarrisStrong Coffee Beans, 1kg",
      "brand": "HarrisStrong Coffee",
      "price": 37,
      "wasPrice": null,
      "savingsAmount": 0,
      "isOnSpecial": false,
      "cupPrice": "$3.70 / 100g",
      "cupPriceValue": 3.7,
      "size": "1kg",
      "image": "https://m.media-amazon.com/images/I/61-d8KslPDL._AC_UL320_.jpg",
      "url": "https://www.amazon.com.au/dp/B0888NPNNT",
      "retailer": "Amazon AU",
      "category": "Beans",
      "slug": "harrisstrong-coffee-beans-1kg--amazon-au"
    },
    {
      "id": "amazon-1771331310674-cd3yr-12",
      "name": "Vittoria CoffeeMountain Grown Coffee Beans 1kg. High Altitude Dark Roasted Coffee Beans Perfect for Home Espresso. Caramel, Dark Chocolate, Smokey, Toasty Tasting Notes. (Packaging May Vary)",
      "brand": "Vittoria CoffeeMountain",
      "price": 53,
      "wasPrice": null,
      "savingsAmount": 0,
      "isOnSpecial": false,
      "cupPrice": "$5.30 / 100g",
      "cupPriceValue": 5.3,
      "size": "1kg",
      "image": "https://m.media-amazon.com/images/I/513HXnN+H9L._AC_UL320_.jpg",
      "url": "https://www.amazon.com.au/dp/B075P2VGCM",
      "retailer": "Amazon AU",
      "category": "Beans",
      "slug": "vittoria-coffeemountain-grown-coffee-beans-1kg-high-altitude-dark-roasted-coffee--amazon-au"
    },
    {
      "id": "amazon-1771331310674-huen6-13",
      "name": "HarrisVery Strong Coffee Beans, 1kg",
      "brand": "HarrisVery Strong",
      "price": 37,
      "wasPrice": null,
      "savingsAmount": 0,
      "isOnSpecial": false,
      "cupPrice": "$3.70 / 100g",
      "cupPriceValue": 3.7,
      "size": "1kg",
      "image": "https://m.media-amazon.com/images/I/61+Bs7YP+BL._AC_UL320_.jpg",
      "url": "https://www.amazon.com.au/dp/B0888M8RWH",
      "retailer": "Amazon AU",
      "category": "Beans",
      "slug": "harrisvery-strong-coffee-beans-1kg--amazon-au"
    },
    {
      "id": "amazon-1771331310674-x3s77-14",
      "name": "Byron Bay Coffee CompanyOrganic Espresso Whole Bean, 500 g",
      "brand": "Byron Bay",
      "price": 36,
      "wasPrice": null,
      "savingsAmount": 0,
      "isOnSpecial": false,
      "cupPrice": "$7.20 / 100g",
      "cupPriceValue": 7.2,
      "size": "500g",
      "image": "https://m.media-amazon.com/images/I/71YNi2c0IqL._AC_UL320_.jpg",
      "url": "https://www.amazon.com.au/dp/B079YKGSHM",
      "retailer": "Amazon AU",
      "category": "Beans",
      "slug": "byron-bay-coffee-companyorganic-espresso-whole-bean-500-g--amazon-au"
    },
    {
      "id": "amazon-1771331310675-ywnvh-16",
      "name": "Will & Co.Natural Specialty Coffee Beans - 1kg. Medium-Dark roast of naturally processed coffee. Enjoy with milk or full-flavour black. Born and Bred in Bondi.",
      "brand": "Will",
      "price": 45.5,
      "wasPrice": null,
      "savingsAmount": 0,
      "isOnSpecial": false,
      "cupPrice": "$4.55 / 100g",
      "cupPriceValue": 4.55,
      "size": "1kg",
      "image": "https://m.media-amazon.com/images/I/71nyF1EC7BL._AC_UL320_.jpg",
      "url": "https://www.amazon.com.au/dp/B0DK2MKKB1",
      "retailer": "Amazon AU",
      "category": "Beans",
      "slug": "will-conatural-specialty-coffee-beans-1kg-medium-dark-roast-of-naturally-process--amazon-au"
    },
    {
      "id": "amazon-1771331310675-1ff37-17",
      "name": "AURORAItalian Blend Coffee Beans 1kg",
      "brand": "AURORAItalian Blend",
      "price": 29,
      "wasPrice": null,
      "savingsAmount": 0,
      "isOnSpecial": false,
      "cupPrice": "$2.90 / 100g",
      "cupPriceValue": 2.9,
      "size": "1kg",
      "image": "https://m.media-amazon.com/images/I/7167xoXfopL._AC_UL320_.jpg",
      "url": "https://www.amazon.com.au/dp/B075RX3S4Z",
      "retailer": "Amazon AU",
      "category": "Beans",
      "slug": "auroraitalian-blend-coffee-beans-1kg--amazon-au"
    },
    {
      "id": "amazon-1771331310676-2ytpj-18",
      "name": "Coffee HeroKickStart - Medium to Dark Roast Blend - Whole Beans with Award Winner at World Coffee Award - Rich Chocolate Body with Berries Like flavors & Spice Like Finish - 250 Grams",
      "brand": "Coffee HeroKickStart",
      "price": 21.99,
      "wasPrice": 87.96,
      "savingsAmount": 65.97,
      "isOnSpecial": true,
      "cupPrice": "",
      "cupPriceValue": 0,
      "size": "",
      "image": "https://m.media-amazon.com/images/I/51gBbmvLyAL._AC_UL320_.jpg",
      "url": "https://www.amazon.com.au/dp/B0CW377VWG",
      "retailer": "Amazon AU",
      "category": "Beans",
      "slug": "coffee-herokickstart-medium-to-dark-roast-blend-whole-beans-with-award-winner-at--amazon-au"
    },
    {
      "id": "woolworths-690360",
      "name": "Macro Organic Medium Ground Coffee",
      "brand": "Macro",
      "price": 7.5,
      "wasPrice": null,
      "savingsAmount": 0,
      "isOnSpecial": false,
      "cupPrice": "$3.75 / 100G",
      "cupPriceValue": 3.75,
      "size": "200g",
      "image": "https://cdn0.woolworths.media/content/wowproductimages/medium/690360.jpg",
      "url": "https://www.woolworths.com.au/shop/productdetails/690360/macro-organic-medium-ground-coffee",
      "retailer": "Woolworths",
      "category": "Ground",
      "slug": "macro-organic-medium-ground-coffee--woolworths"
    },
    {
      "id": "woolworths-37831",
      "name": "Vittoria Espresso Ground Coffee",
      "brand": "Vittoria",
      "price": 11.5,
      "wasPrice": null,
      "savingsAmount": 0,
      "isOnSpecial": false,
      "cupPrice": "$5.75 / 100G",
      "cupPriceValue": 5.75,
      "size": "200g",
      "image": "https://cdn0.woolworths.media/content/wowproductimages/medium/037831.jpg",
      "url": "https://www.woolworths.com.au/shop/productdetails/37831/vittoria-espresso-ground-coffee",
      "retailer": "Woolworths",
      "category": "Ground",
      "slug": "vittoria-espresso-ground-coffee--woolworths"
    },
    {
      "id": "woolworths-140403",
      "name": "Wood Fired Coffee Ground Coffee Ground",
      "brand": "Wood Fired Coffee",
      "price": 16.8,
      "wasPrice": 21,
      "savingsAmount": 4.2,
      "isOnSpecial": true,
      "cupPrice": "$3.36 / 100G",
      "cupPriceValue": 3.36,
      "size": "500g",
      "image": "https://cdn0.woolworths.media/content/wowproductimages/medium/140403.jpg",
      "url": "https://www.woolworths.com.au/shop/productdetails/140403/wood-fired-coffee-ground-coffee-ground",
      "retailer": "Woolworths",
      "category": "Ground",
      "slug": "wood-fired-coffee-ground-coffee-ground--woolworths"
    },
    {
      "id": "woolworths-690359",
      "name": "Macro Organic Dark Ground Coffee",
      "brand": "Macro",
      "price": 7.5,
      "wasPrice": null,
      "savingsAmount": 0,
      "isOnSpecial": false,
      "cupPrice": "$3.75 / 100G",
      "cupPriceValue": 3.75,
      "size": "200g",
      "image": "https://cdn0.woolworths.media/content/wowproductimages/medium/690359.jpg",
      "url": "https://www.woolworths.com.au/shop/productdetails/690359/macro-organic-dark-ground-coffee",
      "retailer": "Woolworths",
      "category": "Ground",
      "slug": "macro-organic-dark-ground-coffee--woolworths"
    },
    {
      "id": "woolworths-2108",
      "name": "Vittoria Ground Coffee Italian Blend",
      "brand": "Vittoria",
      "price": 50,
      "wasPrice": null,
      "savingsAmount": 0,
      "isOnSpecial": false,
      "cupPrice": "$5.00 / 100G",
      "cupPriceValue": 5,
      "size": "1kg",
      "image": "https://cdn0.woolworths.media/content/wowproductimages/medium/002108.jpg",
      "url": "https://www.woolworths.com.au/shop/productdetails/2108/vittoria-ground-coffee-italian-blend",
      "retailer": "Woolworths",
      "category": "Ground",
      "slug": "vittoria-ground-coffee-italian-blend--woolworths"
    },
    {
      "id": "woolworths-247957",
      "name": "Woolworths Ground Coffee Espresso",
      "brand": "Woolworths",
      "price": 5.5,
      "wasPrice": null,
      "savingsAmount": 0,
      "isOnSpecial": false,
      "cupPrice": "$2.20 / 100G",
      "cupPriceValue": 2.2,
      "size": "250g",
      "image": "https://cdn0.woolworths.media/content/wowproductimages/medium/247957.jpg",
      "url": "https://www.woolworths.com.au/shop/productdetails/247957/woolworths-ground-coffee-espresso",
      "retailer": "Woolworths",
      "category": "Ground",
      "slug": "woolworths-ground-coffee-espresso--woolworths"
    },
    {
      "id": "woolworths-158982",
      "name": "Caffe Aurora Ground Coffee Italian Blend",
      "brand": "Caffe Aurora",
      "price": 29,
      "wasPrice": null,
      "savingsAmount": 0,
      "isOnSpecial": false,
      "cupPrice": "$2.90 / 100G",
      "cupPriceValue": 2.9,
      "size": "1kg",
      "image": "https://cdn0.woolworths.media/content/wowproductimages/medium/158982.jpg",
      "url": "https://www.woolworths.com.au/shop/productdetails/158982/caffe-aurora-ground-coffee-italian-blend",
      "retailer": "Woolworths",
      "category": "Ground",
      "slug": "caffe-aurora-ground-coffee-italian-blend--woolworths"
    },
    {
      "id": "woolworths-6057341",
      "name": "Coffee. Ground Medium Roast",
      "brand": "Coffee.",
      "price": 11,
      "wasPrice": null,
      "savingsAmount": 0,
      "isOnSpecial": false,
      "cupPrice": "$2.20 / 100G",
      "cupPriceValue": 2.2,
      "size": "500g",
      "image": "https://cdn0.woolworths.media/content/wowproductimages/medium/6057341.jpg",
      "url": "https://www.woolworths.com.au/shop/productdetails/6057341/coffee-ground-medium-roast",
      "retailer": "Woolworths",
      "category": "Ground",
      "slug": "coffee-ground-medium-roast--woolworths"
    },
    {
      "id": "woolworths-92218",
      "name": "Harris Coffee Ground Smooth",
      "brand": "Harris",
      "price": 11,
      "wasPrice": null,
      "savingsAmount": 0,
      "isOnSpecial": false,
      "cupPrice": "$5.50 / 100G",
      "cupPriceValue": 5.5,
      "size": "200g",
      "image": "https://cdn0.woolworths.media/content/wowproductimages/medium/092218.jpg",
      "url": "https://www.woolworths.com.au/shop/productdetails/92218/harris-coffee-ground-smooth",
      "retailer": "Woolworths",
      "category": "Ground",
      "slug": "harris-coffee-ground-smooth--woolworths"
    },
    {
      "id": "woolworths-309564",
      "name": "Lavazza Tales Of Italy Roma Ground Coffee",
      "brand": "Lavazza",
      "price": 11,
      "wasPrice": null,
      "savingsAmount": 0,
      "isOnSpecial": false,
      "cupPrice": "$4.40 / 100G",
      "cupPriceValue": 4.4,
      "size": "250g",
      "image": "https://cdn0.woolworths.media/content/wowproductimages/medium/309564.jpg",
      "url": "https://www.woolworths.com.au/shop/productdetails/309564/lavazza-tales-of-italy-roma-ground-coffee",
      "retailer": "Woolworths",
      "category": "Ground",
      "slug": "lavazza-tales-of-italy-roma-ground-coffee--woolworths"
    },
    {
      "id": "woolworths-95682",
      "name": "Lavazza Qualita Oro Ground Coffee Ground Coffee",
      "brand": "Lavazza",
      "price": 17,
      "wasPrice": null,
      "savingsAmount": 0,
      "isOnSpecial": false,
      "cupPrice": "$6.80 / 100G",
      "cupPriceValue": 6.8,
      "size": "250g",
      "image": "https://cdn0.woolworths.media/content/wowproductimages/medium/095682.jpg",
      "url": "https://www.woolworths.com.au/shop/productdetails/95682/lavazza-qualita-oro-ground-coffee-ground-coffee",
      "retailer": "Woolworths",
      "category": "Ground",
      "slug": "lavazza-qualita-oro-ground-coffee-ground-coffee--woolworths"
    },
    {
      "id": "woolworths-6025918",
      "name": "Lavazza Espresso Barista Intenso Ground Coffee",
      "brand": "Lavazza",
      "price": 30,
      "wasPrice": 44,
      "savingsAmount": 14,
      "isOnSpecial": true,
      "cupPrice": "$3.00 / 100G",
      "cupPriceValue": 3,
      "size": "250g x 4 pack",
      "image": "https://cdn0.woolworths.media/content/wowproductimages/medium/6025918.jpg",
      "url": "https://www.woolworths.com.au/shop/productdetails/6025918/lavazza-espresso-barista-intenso-ground-coffee",
      "retailer": "Woolworths",
      "category": "Ground",
      "slug": "lavazza-espresso-barista-intenso-ground-coffee--woolworths"
    },
    {
      "id": "woolworths-692561",
      "name": "Vittoria Italian Ground",
      "brand": "Vittoria",
      "price": 19.5,
      "wasPrice": 28,
      "savingsAmount": 8.5,
      "isOnSpecial": true,
      "cupPrice": "$3.90 / 100G",
      "cupPriceValue": 3.9,
      "size": "500g",
      "image": "https://cdn0.woolworths.media/content/wowproductimages/medium/692561.jpg",
      "url": "https://www.woolworths.com.au/shop/productdetails/692561/vittoria-italian-ground",
      "retailer": "Woolworths",
      "category": "Ground",
      "slug": "vittoria-italian-ground--woolworths"
    },
    {
      "id": "woolworths-309492",
      "name": "Lavazza Tales Of Italy Napoli Ground Coffee",
      "brand": "Lavazza",
      "price": 11,
      "wasPrice": null,
      "savingsAmount": 0,
      "isOnSpecial": false,
      "cupPrice": "$4.40 / 100G",
      "cupPriceValue": 4.4,
      "size": "250g",
      "image": "https://cdn0.woolworths.media/content/wowproductimages/medium/309492.jpg",
      "url": "https://www.woolworths.com.au/shop/productdetails/309492/lavazza-tales-of-italy-napoli-ground-coffee",
      "retailer": "Woolworths",
      "category": "Ground",
      "slug": "lavazza-tales-of-italy-napoli-ground-coffee--woolworths"
    },
    {
      "id": "woolworths-186602",
      "name": "Vittoria Mountain Grown Ground Coffee",
      "brand": "Vittoria",
      "price": 53,
      "wasPrice": null,
      "savingsAmount": 0,
      "isOnSpecial": false,
      "cupPrice": "$5.30 / 100G",
      "cupPriceValue": 5.3,
      "size": "1kg",
      "image": "https://cdn0.woolworths.media/content/wowproductimages/medium/186602.jpg",
      "url": "https://www.woolworths.com.au/shop/productdetails/186602/vittoria-mountain-grown-ground-coffee",
      "retailer": "Woolworths",
      "category": "Ground",
      "slug": "vittoria-mountain-grown-ground-coffee--woolworths"
    },
    {
      "id": "woolworths-659091",
      "name": "Lavazza Qualità Oro Ground Coffee",
      "brand": "Lavazza",
      "price": 22.4,
      "wasPrice": 32,
      "savingsAmount": 9.6,
      "isOnSpecial": true,
      "cupPrice": "$4.48 / 100G",
      "cupPriceValue": 4.48,
      "size": "250g x 2 pack",
      "image": "https://cdn0.woolworths.media/content/wowproductimages/medium/659091.jpg",
      "url": "https://www.woolworths.com.au/shop/productdetails/659091/lavazza-qualit-oro-ground-coffee",
      "retailer": "Woolworths",
      "category": "Ground",
      "slug": "lavazza-qualit-oro-ground-coffee--woolworths"
    },
    {
      "id": "woolworths-188087",
      "name": "Illy Ground Coffee Espresso",
      "brand": "Illy",
      "price": 18,
      "wasPrice": null,
      "savingsAmount": 0,
      "isOnSpecial": false,
      "cupPrice": "$7.20 / 100G",
      "cupPriceValue": 7.2,
      "size": "250g",
      "image": "https://cdn0.woolworths.media/content/wowproductimages/medium/188087.jpg",
      "url": "https://www.woolworths.com.au/shop/productdetails/188087/illy-ground-coffee-espresso",
      "retailer": "Woolworths",
      "category": "Ground",
      "slug": "illy-ground-coffee-espresso--woolworths"
    },
    {
      "id": "woolworths-91149",
      "name": "Harris Coffee Ground Strong",
      "brand": "Harris",
      "price": 37,
      "wasPrice": null,
      "savingsAmount": 0,
      "isOnSpecial": false,
      "cupPrice": "$3.70 / 100G",
      "cupPriceValue": 3.7,
      "size": "1kg",
      "image": "https://cdn0.woolworths.media/content/wowproductimages/medium/091149.jpg",
      "url": "https://www.woolworths.com.au/shop/productdetails/91149/harris-coffee-ground-strong",
      "retailer": "Woolworths",
      "category": "Ground",
      "slug": "harris-coffee-ground-strong--woolworths"
    },
    {
      "id": "woolworths-160945",
      "name": "Lavazza Crema e Gusto Ground Coffee",
      "brand": "Lavazza",
      "price": 35,
      "wasPrice": null,
      "savingsAmount": 0,
      "isOnSpecial": false,
      "cupPrice": "$3.50 / 100G",
      "cupPriceValue": 3.5,
      "size": "1kg",
      "image": "https://cdn0.woolworths.media/content/wowproductimages/medium/160945.jpg",
      "url": "https://www.woolworths.com.au/shop/productdetails/160945/lavazza-crema-e-gusto-ground-coffee",
      "retailer": "Woolworths",
      "category": "Ground",
      "slug": "lavazza-crema-e-gusto-ground-coffee--woolworths"
    },
    {
      "id": "woolworths-222401",
      "name": "Wood Fired Coffee Organic Ground Wood Fired Organic Ground",
      "brand": "Wood Fired Coffee",
      "price": 26.5,
      "wasPrice": null,
      "savingsAmount": 0,
      "isOnSpecial": false,
      "cupPrice": "$5.30 / 100G",
      "cupPriceValue": 5.3,
      "size": "500g",
      "image": "https://cdn0.woolworths.media/content/wowproductimages/medium/222401.jpg",
      "url": "https://www.woolworths.com.au/shop/productdetails/222401/wood-fired-coffee-organic-ground-wood-fired-organic-ground",
      "retailer": "Woolworths",
      "category": "Ground",
      "slug": "wood-fired-coffee-organic-ground-wood-fired-organic-ground--woolworths"
    },
    {
      "id": "woolworths-91097",
      "name": "Harris Coffee Ground Very Strong",
      "brand": "Harris",
      "price": 11,
      "wasPrice": null,
      "savingsAmount": 0,
      "isOnSpecial": false,
      "cupPrice": "$5.50 / 100G",
      "cupPriceValue": 5.5,
      "size": "200g",
      "image": "https://cdn0.woolworths.media/content/wowproductimages/medium/091097.jpg",
      "url": "https://www.woolworths.com.au/shop/productdetails/91097/harris-coffee-ground-very-strong",
      "retailer": "Woolworths",
      "category": "Ground",
      "slug": "harris-coffee-ground-very-strong--woolworths"
    },
    {
      "id": "woolworths-706329",
      "name": "Sacred Grounds Breezy Blend Ground Coffee",
      "brand": "Sacred Grounds",
      "price": 17,
      "wasPrice": null,
      "savingsAmount": 0,
      "isOnSpecial": false,
      "cupPrice": "$8.50 / 100G",
      "cupPriceValue": 8.5,
      "size": "200g",
      "image": "https://cdn0.woolworths.media/content/wowproductimages/medium/706329.jpg",
      "url": "https://www.woolworths.com.au/shop/productdetails/706329/sacred-grounds-breezy-blend-ground-coffee",
      "retailer": "Woolworths",
      "category": "Ground",
      "slug": "sacred-grounds-breezy-blend-ground-coffee--woolworths"
    },
    {
      "id": "woolworths-6024245",
      "name": "The Espresso Club Ground Coffee Rich Strong Blend",
      "brand": "The Espresso Club",
      "price": 9.2,
      "wasPrice": 11.5,
      "savingsAmount": 2.3,
      "isOnSpecial": true,
      "cupPrice": "$4.60 / 100G",
      "cupPriceValue": 4.6,
      "size": "200g",
      "image": "https://cdn0.woolworths.media/content/wowproductimages/medium/6024245.jpg",
      "url": "https://www.woolworths.com.au/shop/productdetails/6024245/the-espresso-club-ground-coffee-rich-strong-blend",
      "retailer": "Woolworths",
      "category": "Ground",
      "slug": "the-espresso-club-ground-coffee-rich-strong-blend--woolworths"
    },
    {
      "id": "woolworths-44917",
      "name": "Negrita Ground Coffee Turkish Dark Roast",
      "brand": "Negrita",
      "price": 7.5,
      "wasPrice": null,
      "savingsAmount": 0,
      "isOnSpecial": false,
      "cupPrice": "$3.75 / 100G",
      "cupPriceValue": 3.75,
      "size": "200g",
      "image": "https://cdn0.woolworths.media/content/wowproductimages/medium/044917.jpg",
      "url": "https://www.woolworths.com.au/shop/productdetails/44917/negrita-ground-coffee-turkish-dark-roast",
      "retailer": "Woolworths",
      "category": "Ground",
      "slug": "negrita-ground-coffee-turkish-dark-roast--woolworths"
    },
    {
      "id": "woolworths-222156",
      "name": "Campos Decaf Ground Coffee",
      "brand": "Campos",
      "price": 22,
      "wasPrice": null,
      "savingsAmount": 0,
      "isOnSpecial": false,
      "cupPrice": "$8.80 / 100G",
      "cupPriceValue": 8.8,
      "size": "250g",
      "image": "https://cdn0.woolworths.media/content/wowproductimages/medium/222156.jpg",
      "url": "https://www.woolworths.com.au/shop/productdetails/222156/campos-decaf-ground-coffee",
      "retailer": "Woolworths",
      "category": "Ground",
      "slug": "campos-decaf-ground-coffee--woolworths"
    },
    {
      "id": "woolworths-757409",
      "name": "Sacred Grounds Groover Blend Ground Coffee",
      "brand": "Sacred Grounds",
      "price": 17,
      "wasPrice": null,
      "savingsAmount": 0,
      "isOnSpecial": false,
      "cupPrice": "$8.50 / 100G",
      "cupPriceValue": 8.5,
      "size": "200g",
      "image": "https://cdn0.woolworths.media/content/wowproductimages/medium/757409.jpg",
      "url": "https://www.woolworths.com.au/shop/productdetails/757409/sacred-grounds-groover-blend-ground-coffee",
      "retailer": "Woolworths",
      "category": "Ground",
      "slug": "sacred-grounds-groover-blend-ground-coffee--woolworths"
    },
    {
      "id": "amazon-1771331313156-1skse-0",
      "name": "Lavazza, Qualità Oro, 1 Kg, Ground Coffee, Ideal for Moka Pot, Filtered Coffee and French Press, with Aromatic Notes of Fruit and Flowers, 100% Arabica, Intensity 5/10, Medium Roast, 4 x 250g",
      "brand": "Lavazza",
      "price": 35,
      "wasPrice": null,
      "savingsAmount": 0,
      "isOnSpecial": false,
      "cupPrice": "$3.50 / 100g",
      "cupPriceValue": 3.5,
      "size": "1Kg",
      "image": "https://m.media-amazon.com/images/I/615996kiLZL._AC_UL320_.jpg",
      "url": "https://www.amazon.com.au/dp/B0D3LTFNR4",
      "retailer": "Amazon AU",
      "category": "Ground",
      "slug": "lavazza-qualit-oro-1-kg-ground-coffee-ideal-for-moka-pot-filtered-coffee-and-fre--amazon-au"
    },
    {
      "id": "amazon-1771331313157-0b5uj-1",
      "name": "Harris Smooth Ground Coffee, 1kg",
      "brand": "Harris Smooth",
      "price": 32.9,
      "wasPrice": null,
      "savingsAmount": 0,
      "isOnSpecial": false,
      "cupPrice": "$3.29 / 100g",
      "cupPriceValue": 3.29,
      "size": "1kg",
      "image": "https://m.media-amazon.com/images/I/71+ewh+4GqL._AC_UL320_.jpg",
      "url": "https://www.amazon.com.au/dp/B0888HH1TB",
      "retailer": "Amazon AU",
      "category": "Ground",
      "slug": "harris-smooth-ground-coffee-1kg--amazon-au"
    },
    {
      "id": "amazon-1771331313157-1z1vg-2",
      "name": "Harris Strong Ground Coffee, 1kg",
      "brand": "Harris Strong",
      "price": 37,
      "wasPrice": null,
      "savingsAmount": 0,
      "isOnSpecial": false,
      "cupPrice": "$3.70 / 100g",
      "cupPriceValue": 3.7,
      "size": "1kg",
      "image": "https://m.media-amazon.com/images/I/71OsDjQbB6L._AC_UL320_.jpg",
      "url": "https://www.amazon.com.au/dp/B0888PJPHK",
      "retailer": "Amazon AU",
      "category": "Ground",
      "slug": "harris-strong-ground-coffee-1kg--amazon-au"
    },
    {
      "id": "amazon-1771331313157-18wxu-3",
      "name": "Lavazza, Tales of Italy Eternal Roma, 1 Kg, Ground Coffee, Ideal for Moka Pot, with Notes of Hazelnut & Dark Chocolate, Arabica & Robusta, Intensity 8/10, Medium Roasting, Roasted in Australia, 4x250g",
      "brand": "Lavazza",
      "price": 44,
      "wasPrice": null,
      "savingsAmount": 0,
      "isOnSpecial": false,
      "cupPrice": "$4.40 / 100g",
      "cupPriceValue": 4.4,
      "size": "1Kg",
      "image": "https://m.media-amazon.com/images/I/717I56531eL._AC_UL320_.jpg",
      "url": "https://www.amazon.com.au/dp/B0C1JVGMX1",
      "retailer": "Amazon AU",
      "category": "Ground",
      "slug": "lavazza-tales-of-italy-eternal-roma-1-kg-ground-coffee-ideal-for-moka-pot-with-n--amazon-au"
    },
    {
      "id": "amazon-1771331313158-16u18-4",
      "name": "Lavazza, Espresso Barista Intenso, Coffee Ground, 1 kg, Ideal for Moka Pots, with Aromatic Notes of Cocoa and Wood, Arabica and Robusta, Intensity 9/10, Medium Roasting, 4 x 250g",
      "brand": "Lavazza",
      "price": 30,
      "wasPrice": null,
      "savingsAmount": 0,
      "isOnSpecial": false,
      "cupPrice": "$3.00 / 100g",
      "cupPriceValue": 3,
      "size": "1kg",
      "image": "https://m.media-amazon.com/images/I/61AXv6K1PSL._AC_UL320_.jpg",
      "url": "https://www.amazon.com.au/dp/B0DTYXN5TG",
      "retailer": "Amazon AU",
      "category": "Ground",
      "slug": "lavazza-espresso-barista-intenso-coffee-ground-1-kg-ideal-for-moka-pots-with-aro--amazon-au"
    },
    {
      "id": "amazon-1771331313159-epekb-5",
      "name": "Lavazza, Qualità Rossa, Ground Coffee, 1 kg, Ideal for Moka Pots, with Aromatic Notes of Chocolate and Dried Fruits, Arabica and Robusta, Intensity 5/10, Medium Roasting, 4 x 250 g",
      "brand": "Lavazza",
      "price": 35,
      "wasPrice": null,
      "savingsAmount": 0,
      "isOnSpecial": false,
      "cupPrice": "$3.50 / 100g",
      "cupPriceValue": 3.5,
      "size": "1kg",
      "image": "https://m.media-amazon.com/images/I/61T2DAOd5tL._AC_UL320_.jpg",
      "url": "https://www.amazon.com.au/dp/B0CQMDM8KF",
      "retailer": "Amazon AU",
      "category": "Ground",
      "slug": "lavazza-qualit-rossa-ground-coffee-1-kg-ideal-for-moka-pots-with-aromatic-notes--amazon-au"
    },
    {
      "id": "amazon-1771331313159-ek5fr-6",
      "name": "Caffe Aurora Italian Blend Ground Coffee 1 kg",
      "brand": "Caffe Aurora",
      "price": 29,
      "wasPrice": null,
      "savingsAmount": 0,
      "isOnSpecial": false,
      "cupPrice": "$2.90 / 100g",
      "cupPriceValue": 2.9,
      "size": "1kg",
      "image": "https://m.media-amazon.com/images/I/517LmKg0lGL._AC_UL320_.jpg",
      "url": "https://www.amazon.com.au/dp/B0CG4DXD7B",
      "retailer": "Amazon AU",
      "category": "Ground",
      "slug": "caffe-aurora-italian-blend-ground-coffee-1-kg--amazon-au"
    },
    {
      "id": "amazon-1771331313160-dun05-7",
      "name": "Brasilia Coffee Brasilia Ground Coffee 250g Supa Crema, 250 g",
      "brand": "Brasilia Coffee",
      "price": 6.78,
      "wasPrice": null,
      "savingsAmount": 0,
      "isOnSpecial": false,
      "cupPrice": "$2.71 / 100g",
      "cupPriceValue": 2.71,
      "size": "250g",
      "image": "https://m.media-amazon.com/images/I/71nlto3fmbL._AC_UL320_.jpg",
      "url": "https://www.amazon.com.au/dp/B08K3M4NPD",
      "retailer": "Amazon AU",
      "category": "Ground",
      "slug": "brasilia-coffee-brasilia-ground-coffee-250g-supa-crema-250-g--amazon-au"
    },
    {
      "id": "amazon-1771331313161-hrsbw-8",
      "name": "Brasilia Coffee Brasilia Ground Coffee 250g Italian Espresso, 250 g",
      "brand": "Brasilia Coffee",
      "price": 6.78,
      "wasPrice": null,
      "savingsAmount": 0,
      "isOnSpecial": false,
      "cupPrice": "$2.71 / 100g",
      "cupPriceValue": 2.71,
      "size": "250g",
      "image": "https://m.media-amazon.com/images/I/71X91ywvP8L._AC_UL320_.jpg",
      "url": "https://www.amazon.com.au/dp/B08K3H1QYK",
      "retailer": "Amazon AU",
      "category": "Ground",
      "slug": "brasilia-coffee-brasilia-ground-coffee-250g-italian-espresso-250-g--amazon-au"
    },
    {
      "id": "amazon-1771331313162-y2i7e-9",
      "name": "Byron Bay Coffee Company 250g Certified Organic Coffee, Plunger Ground",
      "brand": "Byron Bay",
      "price": 18,
      "wasPrice": null,
      "savingsAmount": 0,
      "isOnSpecial": false,
      "cupPrice": "$7.20 / 100g",
      "cupPriceValue": 7.2,
      "size": "250g",
      "image": "https://m.media-amazon.com/images/I/71kaM2LFrZL._AC_UL320_.jpg",
      "url": "https://www.amazon.com.au/dp/B07GJCTFMW",
      "retailer": "Amazon AU",
      "category": "Ground",
      "slug": "byron-bay-coffee-company-250g-certified-organic-coffee-plunger-ground--amazon-au"
    },
    {
      "id": "amazon-1771331313162-6yat0-10",
      "name": "Bialetti Perfetto Moka Nocciola Ground Coffee, 250 g – Medium Roast, Delicate Hazelnut Flavor, Perfect for Moka Pot Brewing, Bag with Flavour-Saving Valve",
      "brand": "Bialetti Perfetto",
      "price": 9.87,
      "wasPrice": null,
      "savingsAmount": 0,
      "isOnSpecial": false,
      "cupPrice": "$3.95 / 100g",
      "cupPriceValue": 3.95,
      "size": "250g",
      "image": "https://m.media-amazon.com/images/I/51bSqWyBcNL._AC_UL320_.jpg",
      "url": "https://www.amazon.com.au/dp/B08D6ZYDND",
      "retailer": "Amazon AU",
      "category": "Ground",
      "slug": "bialetti-perfetto-moka-nocciola-ground-coffee-250-g-medium-roast-delicate-hazeln--amazon-au"
    },
    {
      "id": "amazon-1771331313163-vwpz5-11",
      "name": "Vittoria Coffee Oro™ Ground Coffee 1kg (250g x 4)",
      "brand": "Vittoria Coffee",
      "price": 42,
      "wasPrice": null,
      "savingsAmount": 0,
      "isOnSpecial": false,
      "cupPrice": "$4.20 / 100g",
      "cupPriceValue": 4.2,
      "size": "1kg",
      "image": "https://m.media-amazon.com/images/I/619xFubYT+L._AC_UL320_.jpg",
      "url": "https://www.amazon.com.au/dp/B0CG4C7W47",
      "retailer": "Amazon AU",
      "category": "Ground",
      "slug": "vittoria-coffee-oro-ground-coffee-1kg-250g-x-4--amazon-au"
    },
    {
      "id": "amazon-1771331313163-kis7c-12",
      "name": "Lavazza, Qualità Oro, 500 g, Ground Coffee, Ideal for Moka Pot, Filtered Coffee and French Press, with Aromatic Notes of Fruit and Flowers, 100% Arabica, Intensity 5/10, Medium Roast, 2 x 250g",
      "brand": "Lavazza",
      "price": 22.4,
      "wasPrice": null,
      "savingsAmount": 0,
      "isOnSpecial": false,
      "cupPrice": "$4.48 / 100g",
      "cupPriceValue": 4.48,
      "size": "500g",
      "image": "https://m.media-amazon.com/images/I/517DWlVG8QL._AC_UL320_.jpg",
      "url": "https://www.amazon.com.au/dp/B01EG49AKQ",
      "retailer": "Amazon AU",
      "category": "Ground",
      "slug": "lavazza-qualit-oro-500-g-ground-coffee-ideal-for-moka-pot-filtered-coffee-and-fr--amazon-au"
    },
    {
      "id": "amazon-1771331313164-zjtk9-13",
      "name": "Honest to Goodness Single Origin Colombian Ground Coffee, 250g: Ethically Sourced. Roasters Notes: Toffee, Almond Nougat, rapadura Sugar and a hint of Berries.",
      "brand": "Honest",
      "price": 14.5,
      "wasPrice": null,
      "savingsAmount": 0,
      "isOnSpecial": false,
      "cupPrice": "$5.80 / 100g",
      "cupPriceValue": 5.8,
      "size": "250g",
      "image": "https://m.media-amazon.com/images/I/81j5h39L53L._AC_UL320_.jpg",
      "url": "https://www.amazon.com.au/dp/B08PVS7QMX",
      "retailer": "Amazon AU",
      "category": "Ground",
      "slug": "honest-to-goodness-single-origin-colombian-ground-coffee-250g-ethically-sourced--amazon-au"
    },
    {
      "id": "amazon-1771331313164-monrw-14",
      "name": "Bialetti Perfetto Moka Classico Ground Coffee, 250 g – Medium Roast, 50% Arabica 50% Robusta Blend with Hazelnut & Dried Fruit Notes, Perfect for Moka Pot Brewing, Bag with Flavour-Saving Valve",
      "brand": "Bialetti Perfetto",
      "price": 9.87,
      "wasPrice": null,
      "savingsAmount": 0,
      "isOnSpecial": false,
      "cupPrice": "$3.95 / 100g",
      "cupPriceValue": 3.95,
      "size": "250g",
      "image": "https://m.media-amazon.com/images/I/51Ci+tRrgjL._AC_UL320_.jpg",
      "url": "https://www.amazon.com.au/dp/B08D6Z9ST9",
      "retailer": "Amazon AU",
      "category": "Ground",
      "slug": "bialetti-perfetto-moka-classico-ground-coffee-250-g-medium-roast-50-arabica-50-r--amazon-au"
    },
    {
      "id": "amazon-1771331313164-x0fxx-15",
      "name": "Harris Smooth Ground Coffee, 200g",
      "brand": "Harris Smooth",
      "price": 11,
      "wasPrice": null,
      "savingsAmount": 0,
      "isOnSpecial": false,
      "cupPrice": "$5.50 / 100g",
      "cupPriceValue": 5.5,
      "size": "200g",
      "image": "https://m.media-amazon.com/images/I/61JDuEUBydL._AC_UL320_.jpg",
      "url": "https://www.amazon.com.au/dp/B0888LSPNC",
      "retailer": "Amazon AU",
      "category": "Ground",
      "slug": "harris-smooth-ground-coffee-200g--amazon-au"
    },
    {
      "id": "woolworths-17950",
      "name": "Essentials Instant Coffee Granulated",
      "brand": "Essentials",
      "price": 6.5,
      "wasPrice": null,
      "savingsAmount": 0,
      "isOnSpecial": false,
      "cupPrice": "$3.25 / 100G",
      "cupPriceValue": 3.25,
      "size": "200g",
      "image": "https://cdn0.woolworths.media/content/wowproductimages/medium/017950.jpg",
      "url": "https://www.woolworths.com.au/shop/productdetails/17950/essentials-instant-coffee-granulated",
      "retailer": "Woolworths",
      "category": "Instant",
      "slug": "essentials-instant-coffee-granulated--woolworths"
    },
    {
      "id": "woolworths-687062",
      "name": "Nescafe Gold Orginal Soluble Instant Coffee",
      "brand": "Nescafe",
      "price": 13.8,
      "wasPrice": 23,
      "savingsAmount": 9.2,
      "isOnSpecial": true,
      "cupPrice": "$6.90 / 100G",
      "cupPriceValue": 6.9,
      "size": "200g",
      "image": "https://cdn0.woolworths.media/content/wowproductimages/medium/687062.jpg",
      "url": "https://www.woolworths.com.au/shop/productdetails/687062/nescafe-gold-orginal-soluble-instant-coffee",
      "retailer": "Woolworths",
      "category": "Instant",
      "slug": "nescafe-gold-orginal-soluble-instant-coffee--woolworths"
    },
    {
      "id": "woolworths-687035",
      "name": "Nescafe Gold Original Soluble Instant Coffee Jar",
      "brand": "Nescafe",
      "price": 14.5,
      "wasPrice": null,
      "savingsAmount": 0,
      "isOnSpecial": false,
      "cupPrice": "$14.50 / 100G",
      "cupPriceValue": 14.5,
      "size": "100g",
      "image": "https://cdn0.woolworths.media/content/wowproductimages/medium/687035.jpg",
      "url": "https://www.woolworths.com.au/shop/productdetails/687035/nescafe-gold-original-soluble-instant-coffee-jar",
      "retailer": "Woolworths",
      "category": "Instant",
      "slug": "nescafe-gold-original-soluble-instant-coffee-jar--woolworths"
    },
    {
      "id": "woolworths-32695",
      "name": "Moccona Freeze Dried Instant Coffee Classic Medium Roast",
      "brand": "Moccona",
      "price": 8.8,
      "wasPrice": null,
      "savingsAmount": 0,
      "isOnSpecial": false,
      "cupPrice": "$17.60 / 100G",
      "cupPriceValue": 17.6,
      "size": "50g",
      "image": "https://cdn0.woolworths.media/content/wowproductimages/medium/032695.jpg",
      "url": "https://www.woolworths.com.au/shop/productdetails/32695/moccona-freeze-dried-instant-coffee-classic-medium-roast",
      "retailer": "Woolworths",
      "category": "Instant",
      "slug": "moccona-freeze-dried-instant-coffee-classic-medium-roast--woolworths"
    },
    {
      "id": "woolworths-347032",
      "name": "Woolworths Freeze Dried Coffee Original",
      "brand": "Woolworths",
      "price": 5,
      "wasPrice": null,
      "savingsAmount": 0,
      "isOnSpecial": false,
      "cupPrice": "$5.00 / 100G",
      "cupPriceValue": 5,
      "size": "100g",
      "image": "https://cdn0.woolworths.media/content/wowproductimages/medium/347032.jpg",
      "url": "https://www.woolworths.com.au/shop/productdetails/347032/woolworths-freeze-dried-coffee-original",
      "retailer": "Woolworths",
      "category": "Other",
      "slug": "woolworths-freeze-dried-coffee-original--woolworths"
    },
    {
      "id": "woolworths-34709",
      "name": "International Roast Instant Coffee",
      "brand": "International Roast",
      "price": 15.5,
      "wasPrice": null,
      "savingsAmount": 0,
      "isOnSpecial": false,
      "cupPrice": "$3.10 / 100G",
      "cupPriceValue": 3.1,
      "size": "500g",
      "image": "https://cdn0.woolworths.media/content/wowproductimages/medium/034709.jpg",
      "url": "https://www.woolworths.com.au/shop/productdetails/34709/international-roast-instant-coffee",
      "retailer": "Woolworths",
      "category": "Instant",
      "slug": "international-roast-instant-coffee--woolworths"
    },
    {
      "id": "woolworths-33835",
      "name": "Nescafe Blend 43 Instant Coffee Jar",
      "brand": "Nescafe",
      "price": 14.5,
      "wasPrice": null,
      "savingsAmount": 0,
      "isOnSpecial": false,
      "cupPrice": "$9.67 / 100G",
      "cupPriceValue": 9.67,
      "size": "150g",
      "image": "https://cdn0.woolworths.media/content/wowproductimages/medium/033835.jpg",
      "url": "https://www.woolworths.com.au/shop/productdetails/33835/nescafe-blend-43-instant-coffee-jar",
      "retailer": "Woolworths",
      "category": "Instant",
      "slug": "nescafe-blend-43-instant-coffee-jar--woolworths"
    },
    {
      "id": "woolworths-800325",
      "name": "Nescafe Blend 43 Smooth & Creamy Instant Coffee Jar",
      "brand": "Nescafe",
      "price": 14.5,
      "wasPrice": null,
      "savingsAmount": 0,
      "isOnSpecial": false,
      "cupPrice": "$10.36 / 100G",
      "cupPriceValue": 10.36,
      "size": "140g",
      "image": "https://cdn0.woolworths.media/content/wowproductimages/medium/800325.jpg",
      "url": "https://www.woolworths.com.au/shop/productdetails/800325/nescafe-blend-43-smooth-creamy-instant-coffee-jar",
      "retailer": "Woolworths",
      "category": "Instant",
      "slug": "nescafe-blend-43-smooth-creamy-instant-coffee-jar--woolworths"
    },
    {
      "id": "woolworths-159897",
      "name": "Vittoria Freeze Dried Instant Coffee Classic",
      "brand": "Vittoria",
      "price": 10.5,
      "wasPrice": 15,
      "savingsAmount": 4.5,
      "isOnSpecial": true,
      "cupPrice": "$10.50 / 100G",
      "cupPriceValue": 10.5,
      "size": "100g",
      "image": "https://cdn0.woolworths.media/content/wowproductimages/medium/159897.jpg",
      "url": "https://www.woolworths.com.au/shop/productdetails/159897/vittoria-freeze-dried-instant-coffee-classic",
      "retailer": "Woolworths",
      "category": "Instant",
      "slug": "vittoria-freeze-dried-instant-coffee-classic--woolworths"
    },
    {
      "id": "woolworths-35694",
      "name": "Nescafe Blend 43 Instant Coffee Tin",
      "brand": "Nescafe",
      "price": 22,
      "wasPrice": 32,
      "savingsAmount": 10,
      "isOnSpecial": true,
      "cupPrice": "$4.40 / 100G",
      "cupPriceValue": 4.4,
      "size": "500g",
      "image": "https://cdn0.woolworths.media/content/wowproductimages/medium/035694.jpg",
      "url": "https://www.woolworths.com.au/shop/productdetails/35694/nescafe-blend-43-instant-coffee-tin",
      "retailer": "Woolworths",
      "category": "Instant",
      "slug": "nescafe-blend-43-instant-coffee-tin--woolworths"
    },
    {
      "id": "woolworths-6022938",
      "name": "Northern Beaches Coffee Roasters Specialty Instant Coffee Palm Beach Blend",
      "brand": "Northern Beaches Coffee Roasters",
      "price": 22,
      "wasPrice": null,
      "savingsAmount": 0,
      "isOnSpecial": false,
      "cupPrice": "$5.50 / 100G",
      "cupPriceValue": 5.5,
      "size": "400g",
      "image": "https://cdn0.woolworths.media/content/wowproductimages/medium/6022938.jpg",
      "url": "https://www.woolworths.com.au/shop/productdetails/6022938/northern-beaches-coffee-roasters-specialty-instant-coffee-palm-beach-blend",
      "retailer": "Woolworths",
      "category": "Instant",
      "slug": "northern-beaches-coffee-roasters-specialty-instant-coffee-palm-beach-blend--woolworths"
    },
    {
      "id": "woolworths-6026657",
      "name": "Vittoria Espresso Freeze Dried Instant Coffee",
      "brand": "Vittoria",
      "price": 19.5,
      "wasPrice": 30,
      "savingsAmount": 10.5,
      "isOnSpecial": true,
      "cupPrice": "$6.50 / 100G",
      "cupPriceValue": 6.5,
      "size": "300g",
      "image": "https://cdn0.woolworths.media/content/wowproductimages/medium/6026657.jpg",
      "url": "https://www.woolworths.com.au/shop/productdetails/6026657/vittoria-espresso-freeze-dried-instant-coffee",
      "retailer": "Woolworths",
      "category": "Instant",
      "slug": "vittoria-espresso-freeze-dried-instant-coffee--woolworths"
    },
    {
      "id": "woolworths-254591",
      "name": "Nature's Cuppa Freeze Dried Coffee Eco Organic",
      "brand": "Nature's Cuppa",
      "price": 10.8,
      "wasPrice": 13.5,
      "savingsAmount": 2.7,
      "isOnSpecial": true,
      "cupPrice": "$10.80 / 100G",
      "cupPriceValue": 10.8,
      "size": "100g",
      "image": "https://cdn0.woolworths.media/content/wowproductimages/medium/254591.jpg",
      "url": "https://www.woolworths.com.au/shop/productdetails/254591/nature-s-cuppa-freeze-dried-coffee-eco-organic",
      "retailer": "Woolworths",
      "category": "Other",
      "slug": "natures-cuppa-freeze-dried-coffee-eco-organic--woolworths"
    },
    {
      "id": "woolworths-199136",
      "name": "Nescafe Blend 43 Instant Coffee",
      "brand": "Nescafe",
      "price": 19.5,
      "wasPrice": 27.5,
      "savingsAmount": 8,
      "isOnSpecial": true,
      "cupPrice": "$6.50 / 100G",
      "cupPriceValue": 6.5,
      "size": "300g",
      "image": "https://cdn0.woolworths.media/content/wowproductimages/medium/199136.jpg",
      "url": "https://www.woolworths.com.au/shop/productdetails/199136/nescafe-blend-43-instant-coffee",
      "retailer": "Woolworths",
      "category": "Instant",
      "slug": "nescafe-blend-43-instant-coffee--woolworths"
    },
    {
      "id": "woolworths-613616",
      "name": "L'Or Premium Instant Coffee Artiste 8 Vigoroso",
      "brand": "L'Or",
      "price": 12.5,
      "wasPrice": null,
      "savingsAmount": 0,
      "isOnSpecial": false,
      "cupPrice": "$13.16 / 100G",
      "cupPriceValue": 13.16,
      "size": "95g",
      "image": "https://cdn0.woolworths.media/content/wowproductimages/medium/613616.jpg",
      "url": "https://www.woolworths.com.au/shop/productdetails/613616/l-or-premium-instant-coffee-artiste-8-vigoroso",
      "retailer": "Woolworths",
      "category": "Instant",
      "slug": "lor-premium-instant-coffee-artiste-8-vigoroso--woolworths"
    },
    {
      "id": "woolworths-360276",
      "name": "Robert Timms Instant Coffee Premium Full-Bodied",
      "brand": "Robert Timms",
      "price": 28,
      "wasPrice": null,
      "savingsAmount": 0,
      "isOnSpecial": false,
      "cupPrice": "$5.60 / 100G",
      "cupPriceValue": 5.6,
      "size": "500g",
      "image": "https://cdn0.woolworths.media/content/wowproductimages/medium/360276.jpg",
      "url": "https://www.woolworths.com.au/shop/productdetails/360276/robert-timms-instant-coffee-premium-full-bodied",
      "retailer": "Woolworths",
      "category": "Instant",
      "slug": "robert-timms-instant-coffee-premium-full-bodied--woolworths"
    },
    {
      "id": "woolworths-17605",
      "name": "Moccona Freeze Dried Instant Coffee Specialty Blend Indulgence",
      "brand": "Moccona",
      "price": 17,
      "wasPrice": 23.6,
      "savingsAmount": 6.6,
      "isOnSpecial": true,
      "cupPrice": "$8.50 / 100G",
      "cupPriceValue": 8.5,
      "size": "200g",
      "image": "https://cdn0.woolworths.media/content/wowproductimages/medium/017605.jpg",
      "url": "https://www.woolworths.com.au/shop/productdetails/17605/moccona-freeze-dried-instant-coffee-specialty-blend-indulgence",
      "retailer": "Woolworths",
      "category": "Instant",
      "slug": "moccona-freeze-dried-instant-coffee-specialty-blend-indulgence--woolworths"
    },
    {
      "id": "woolworths-159932",
      "name": "Vittoria Freeze Dried Instant Coffee Mountain Grown",
      "brand": "Vittoria",
      "price": 10.5,
      "wasPrice": 15,
      "savingsAmount": 4.5,
      "isOnSpecial": true,
      "cupPrice": "$10.50 / 100G",
      "cupPriceValue": 10.5,
      "size": "100g",
      "image": "https://cdn0.woolworths.media/content/wowproductimages/medium/159932.jpg",
      "url": "https://www.woolworths.com.au/shop/productdetails/159932/vittoria-freeze-dried-instant-coffee-mountain-grown",
      "retailer": "Woolworths",
      "category": "Instant",
      "slug": "vittoria-freeze-dried-instant-coffee-mountain-grown--woolworths"
    },
    {
      "id": "woolworths-248699",
      "name": "Robert Timms Premium Full-Bodied Granulated Coffee",
      "brand": "Robert Timms",
      "price": 12,
      "wasPrice": 15,
      "savingsAmount": 3,
      "isOnSpecial": true,
      "cupPrice": "$6.00 / 100G",
      "cupPriceValue": 6,
      "size": "200g",
      "image": "https://cdn0.woolworths.media/content/wowproductimages/medium/248699.jpg",
      "url": "https://www.woolworths.com.au/shop/productdetails/248699/robert-timms-premium-full-bodied-granulated-coffee",
      "retailer": "Woolworths",
      "category": "Other",
      "slug": "robert-timms-premium-full-bodied-granulated-coffee--woolworths"
    },
    {
      "id": "woolworths-677291",
      "name": "Nescafe Blend 43 Instant Coffee Refill",
      "brand": "Nescafe",
      "price": 19.5,
      "wasPrice": null,
      "savingsAmount": 0,
      "isOnSpecial": false,
      "cupPrice": "$4.88 / 100G",
      "cupPriceValue": 4.88,
      "size": "400g",
      "image": "https://cdn0.woolworths.media/content/wowproductimages/medium/677291.jpg",
      "url": "https://www.woolworths.com.au/shop/productdetails/677291/nescafe-blend-43-instant-coffee-refill",
      "retailer": "Woolworths",
      "category": "Instant",
      "slug": "nescafe-blend-43-instant-coffee-refill--woolworths"
    },
    {
      "id": "woolworths-159942",
      "name": "Vittoria Freeze Dried Instant Coffee Italian",
      "brand": "Vittoria",
      "price": 10.5,
      "wasPrice": 15,
      "savingsAmount": 4.5,
      "isOnSpecial": true,
      "cupPrice": "$10.50 / 100G",
      "cupPriceValue": 10.5,
      "size": "100g",
      "image": "https://cdn0.woolworths.media/content/wowproductimages/medium/159942.jpg",
      "url": "https://www.woolworths.com.au/shop/productdetails/159942/vittoria-freeze-dried-instant-coffee-italian",
      "retailer": "Woolworths",
      "category": "Instant",
      "slug": "vittoria-freeze-dried-instant-coffee-italian--woolworths"
    },
    {
      "id": "woolworths-256700",
      "name": "Moccona Freeze Dried Instant Coffee Classic Dark Roast",
      "brand": "Moccona",
      "price": 37.5,
      "wasPrice": null,
      "savingsAmount": 0,
      "isOnSpecial": false,
      "cupPrice": "$9.38 / 100G",
      "cupPriceValue": 9.38,
      "size": "400g",
      "image": "https://cdn0.woolworths.media/content/wowproductimages/medium/256700.jpg",
      "url": "https://www.woolworths.com.au/shop/productdetails/256700/moccona-freeze-dried-instant-coffee-classic-dark-roast",
      "retailer": "Woolworths",
      "category": "Instant",
      "slug": "moccona-freeze-dried-instant-coffee-classic-dark-roast--woolworths"
    },
    {
      "id": "woolworths-688715",
      "name": "Nescafe Gold Smooth Soluble Instant Coffee",
      "brand": "Nescafe",
      "price": 14.5,
      "wasPrice": null,
      "savingsAmount": 0,
      "isOnSpecial": false,
      "cupPrice": "$16.11 / 100G",
      "cupPriceValue": 16.11,
      "size": "90g",
      "image": "https://cdn0.woolworths.media/content/wowproductimages/medium/688715.jpg",
      "url": "https://www.woolworths.com.au/shop/productdetails/688715/nescafe-gold-smooth-soluble-instant-coffee",
      "retailer": "Woolworths",
      "category": "Instant",
      "slug": "nescafe-gold-smooth-soluble-instant-coffee--woolworths"
    },
    {
      "id": "woolworths-49275",
      "name": "Moccona Freeze Dried Instant Coffee Classic Decaffeinated",
      "brand": "Moccona",
      "price": 10,
      "wasPrice": 15.5,
      "savingsAmount": 5.5,
      "isOnSpecial": true,
      "cupPrice": "$10.00 / 100G",
      "cupPriceValue": 10,
      "size": "100g",
      "image": "https://cdn0.woolworths.media/content/wowproductimages/medium/049275.jpg",
      "url": "https://www.woolworths.com.au/shop/productdetails/49275/moccona-freeze-dried-instant-coffee-classic-decaffeinated",
      "retailer": "Woolworths",
      "category": "Instant",
      "slug": "moccona-freeze-dried-instant-coffee-classic-decaffeinated--woolworths"
    },
    {
      "id": "woolworths-346896",
      "name": "Republica Organic Instant Coffee 100% Pure Decaffeinated",
      "brand": "Republica",
      "price": 15.5,
      "wasPrice": null,
      "savingsAmount": 0,
      "isOnSpecial": false,
      "cupPrice": "$15.50 / 100G",
      "cupPriceValue": 15.5,
      "size": "100g",
      "image": "https://cdn0.woolworths.media/content/wowproductimages/medium/346896.jpg",
      "url": "https://www.woolworths.com.au/shop/productdetails/346896/republica-organic-instant-coffee-100-pure-decaffeinated",
      "retailer": "Woolworths",
      "category": "Instant",
      "slug": "republica-organic-instant-coffee-100-pure-decaffeinated--woolworths"
    },
    {
      "id": "woolworths-6026109",
      "name": "dc Coffee Instant Smooth Hit Medium Roast",
      "brand": "dc Coffee",
      "price": 9.9,
      "wasPrice": null,
      "savingsAmount": 0,
      "isOnSpecial": false,
      "cupPrice": "$9.90 / 100G",
      "cupPriceValue": 9.9,
      "size": "100g",
      "image": "https://cdn0.woolworths.media/content/wowproductimages/medium/6026109.jpg",
      "url": "https://www.woolworths.com.au/shop/productdetails/6026109/dc-coffee-instant-smooth-hit-medium-roast",
      "retailer": "Woolworths",
      "category": "Instant",
      "slug": "dc-coffee-instant-smooth-hit-medium-roast--woolworths"
    },
    {
      "id": "woolworths-371037",
      "name": "Moccona Freeze Dried Instant Coffee Specialty Blend Rich",
      "brand": "Moccona",
      "price": 17,
      "wasPrice": 23.6,
      "savingsAmount": 6.6,
      "isOnSpecial": true,
      "cupPrice": "$8.50 / 100G",
      "cupPriceValue": 8.5,
      "size": "200g",
      "image": "https://cdn0.woolworths.media/content/wowproductimages/medium/371037.jpg",
      "url": "https://www.woolworths.com.au/shop/productdetails/371037/moccona-freeze-dried-instant-coffee-specialty-blend-rich",
      "retailer": "Woolworths",
      "category": "Instant",
      "slug": "moccona-freeze-dried-instant-coffee-specialty-blend-rich--woolworths"
    },
    {
      "id": "woolworths-6026442",
      "name": "dc Coffee Instant Strong Hit Dark Roast",
      "brand": "dc Coffee",
      "price": 9.9,
      "wasPrice": null,
      "savingsAmount": 0,
      "isOnSpecial": false,
      "cupPrice": "$9.90 / 100G",
      "cupPriceValue": 9.9,
      "size": "100g",
      "image": "https://cdn0.woolworths.media/content/wowproductimages/medium/6026442.jpg",
      "url": "https://www.woolworths.com.au/shop/productdetails/6026442/dc-coffee-instant-strong-hit-dark-roast",
      "retailer": "Woolworths",
      "category": "Instant",
      "slug": "dc-coffee-instant-strong-hit-dark-roast--woolworths"
    },
    {
      "id": "woolworths-347035",
      "name": "Woolworths Freeze Dried Coffee Decaf",
      "brand": "Woolworths",
      "price": 5,
      "wasPrice": null,
      "savingsAmount": 0,
      "isOnSpecial": false,
      "cupPrice": "$5.00 / 100G",
      "cupPriceValue": 5,
      "size": "100g",
      "image": "https://cdn0.woolworths.media/content/wowproductimages/medium/347035.jpg",
      "url": "https://www.woolworths.com.au/shop/productdetails/347035/woolworths-freeze-dried-coffee-decaf",
      "retailer": "Woolworths",
      "category": "Other",
      "slug": "woolworths-freeze-dried-coffee-decaf--woolworths"
    },
    {
      "id": "woolworths-6026661",
      "name": "Vittoria Freeze Dried Instant Coffee Oro Nero Intensity 14",
      "brand": "Vittoria",
      "price": 19.5,
      "wasPrice": 30,
      "savingsAmount": 10.5,
      "isOnSpecial": true,
      "cupPrice": "$6.50 / 100G",
      "cupPriceValue": 6.5,
      "size": "300g",
      "image": "https://cdn0.woolworths.media/content/wowproductimages/medium/6026661.jpg",
      "url": "https://www.woolworths.com.au/shop/productdetails/6026661/vittoria-freeze-dried-instant-coffee-oro-nero-intensity-14",
      "retailer": "Woolworths",
      "category": "Instant",
      "slug": "vittoria-freeze-dried-instant-coffee-oro-nero-intensity-14--woolworths"
    },
    {
      "id": "amazon-1771331315701-fgc1f-0",
      "name": "TEMIOMaster Brazil Arabic Freeze Dried Instant Coffee, Dark Roast 丨 Fruity Floral 丨 Low Calories - 100g",
      "brand": "TEMIOMaster Brazil",
      "price": 13.95,
      "wasPrice": null,
      "savingsAmount": 0,
      "isOnSpecial": false,
      "cupPrice": "$13.95 / 100g",
      "cupPriceValue": 13.95,
      "size": "100g",
      "image": "https://m.media-amazon.com/images/I/61qIio0H5nL._AC_UL320_.jpg",
      "url": "https://www.amazon.com.au/dp/B0FG7G66VS",
      "retailer": "Amazon AU",
      "category": "Instant",
      "slug": "temiomaster-brazil-arabic-freeze-dried-instant-coffee-dark-roast-fruity-floral-l--amazon-au"
    },
    {
      "id": "amazon-1771331315702-6lkv7-1",
      "name": "Vittoria CoffeeEspresso No.3 Dark Roasted Instant Freeze Dried Coffee. Reusable Glass Jar Vase - 300g. Dark roast profile - Intensity 15/15. Strong Italian Espresso Flavour.",
      "brand": "Vittoria CoffeeEspresso",
      "price": 19.5,
      "wasPrice": null,
      "savingsAmount": 0,
      "isOnSpecial": false,
      "cupPrice": "$6.50 / 100g",
      "cupPriceValue": 6.5,
      "size": "300g",
      "image": "https://m.media-amazon.com/images/I/71q-Werkx2L._AC_UL320_.jpg",
      "url": "https://www.amazon.com.au/dp/B0DDPMGVNX",
      "retailer": "Amazon AU",
      "category": "Instant",
      "slug": "vittoria-coffeeespresso-no3-dark-roasted-instant-freeze-dried-coffee-reusable-gl--amazon-au"
    },
    {
      "id": "amazon-1771331315702-5ppb5-2",
      "name": "OctaviusGold Instant Coffee, Indian Medium-Dark Roast Ground Coffee, Perfectly Balanced, Always Smooth, Made with 100% South India Beans, 3.5 Ounce Glass Jar (100 Gram)",
      "brand": "OctaviusGold Instant",
      "price": 20.99,
      "wasPrice": null,
      "savingsAmount": 0,
      "isOnSpecial": false,
      "cupPrice": "",
      "cupPriceValue": 0,
      "size": "",
      "image": "https://m.media-amazon.com/images/I/61xiuCK43vL._AC_UL320_.jpg",
      "url": "https://www.amazon.com.au/dp/B08WQ2YW2J",
      "retailer": "Amazon AU",
      "category": "Beans",
      "slug": "octaviusgold-instant-coffee-indian-medium-dark-roast-ground-coffee-perfectly-bal--amazon-au"
    },
    {
      "id": "amazon-1771331315703-m9s6b-4",
      "name": "NESCAFÉBlend 43 Instant Coffee Refill 400 g",
      "brand": "NESCAF",
      "price": 19.5,
      "wasPrice": null,
      "savingsAmount": 0,
      "isOnSpecial": false,
      "cupPrice": "$4.88 / 100g",
      "cupPriceValue": 4.88,
      "size": "400g",
      "image": "https://m.media-amazon.com/images/I/81aiBmbpltL._AC_UL320_.jpg",
      "url": "https://www.amazon.com.au/dp/B0D66ZSJSZ",
      "retailer": "Amazon AU",
      "category": "Instant",
      "slug": "nescafblend-43-instant-coffee-refill-400-g--amazon-au"
    },
    {
      "id": "amazon-1771331315703-gx39x-5",
      "name": "Vittoria CoffeeBrazil Rex Lightly Roasted Instant Freeze Dried Coffee. Reusable Glass Jar Vase - 300g. Medium-light roast - Intensity 12/15. Light and vibrant, milk chocolate finish.",
      "brand": "Vittoria CoffeeBrazil",
      "price": 19.5,
      "wasPrice": null,
      "savingsAmount": 0,
      "isOnSpecial": false,
      "cupPrice": "$6.50 / 100g",
      "cupPriceValue": 6.5,
      "size": "300g",
      "image": "https://m.media-amazon.com/images/I/71M2Xgb9x+L._AC_UL320_.jpg",
      "url": "https://www.amazon.com.au/dp/B0DDP7JR3Y",
      "retailer": "Amazon AU",
      "category": "Instant",
      "slug": "vittoria-coffeebrazil-rex-lightly-roasted-instant-freeze-dried-coffee-reusable-g--amazon-au"
    },
    {
      "id": "amazon-1771331315703-rdbni-6",
      "name": "The House of Robert Timms Full-Bodied Granulated Coffee 500 g",
      "brand": "The House",
      "price": 24,
      "wasPrice": null,
      "savingsAmount": 0,
      "isOnSpecial": false,
      "cupPrice": "$4.80 / 100g",
      "cupPriceValue": 4.8,
      "size": "500g",
      "image": "https://m.media-amazon.com/images/I/41hs+IoBWsL._AC_UL320_.jpg",
      "url": "https://www.amazon.com.au/dp/B085MDB4GJ",
      "retailer": "Amazon AU",
      "category": "Other",
      "slug": "the-house-of-robert-timms-full-bodied-granulated-coffee-500-g--amazon-au"
    },
    {
      "id": "amazon-1771331315704-bgi6r-7",
      "name": "MocconaClassic Dark Roast Freeze Dried Instant Coffee 400g",
      "brand": "MocconaClassic Dark",
      "price": 26,
      "wasPrice": null,
      "savingsAmount": 0,
      "isOnSpecial": false,
      "cupPrice": "$6.50 / 100g",
      "cupPriceValue": 6.5,
      "size": "400g",
      "image": "https://m.media-amazon.com/images/I/81FcfBArR1L._AC_UL320_.jpg",
      "url": "https://www.amazon.com.au/dp/B07F6ZV33C",
      "retailer": "Amazon AU",
      "category": "Instant",
      "slug": "mocconaclassic-dark-roast-freeze-dried-instant-coffee-400g--amazon-au"
    },
    {
      "id": "amazon-1771331315704-goj7l-8",
      "name": "MocconaClassic Medium Roast Freeze Dried Instant Coffee 400g",
      "brand": "MocconaClassic Medium",
      "price": 26,
      "wasPrice": null,
      "savingsAmount": 0,
      "isOnSpecial": false,
      "cupPrice": "$6.50 / 100g",
      "cupPriceValue": 6.5,
      "size": "400g",
      "image": "https://m.media-amazon.com/images/I/81bKUiBjbLL._AC_UL320_.jpg",
      "url": "https://www.amazon.com.au/dp/B014FFH2PQ",
      "retailer": "Amazon AU",
      "category": "Instant",
      "slug": "mocconaclassic-medium-roast-freeze-dried-instant-coffee-400g--amazon-au"
    },
    {
      "id": "amazon-1771331315704-91dn3-9",
      "name": "Vittoria CoffeeOro Nero Dark Roasted Instant Freeze Dried Coffee. Reusable Glass Jar Vase - 300g. Medium-Dark Intensity 14/15. Rich, full bodied cup.",
      "brand": "Vittoria CoffeeOro",
      "price": 19.5,
      "wasPrice": null,
      "savingsAmount": 0,
      "isOnSpecial": false,
      "cupPrice": "$6.50 / 100g",
      "cupPriceValue": 6.5,
      "size": "300g",
      "image": "https://m.media-amazon.com/images/I/71NHTrOpKsL._AC_UL320_.jpg",
      "url": "https://www.amazon.com.au/dp/B0DDPK6J8S",
      "retailer": "Amazon AU",
      "category": "Instant",
      "slug": "vittoria-coffeeoro-nero-dark-roasted-instant-freeze-dried-coffee-reusable-glass--amazon-au"
    },
    {
      "id": "amazon-1771331315705-yegqg-10",
      "name": "MocconaEspresso Style Freeze Dried Instant Coffee 400 g",
      "brand": "MocconaEspresso Style",
      "price": 26,
      "wasPrice": null,
      "savingsAmount": 0,
      "isOnSpecial": false,
      "cupPrice": "$6.50 / 100g",
      "cupPriceValue": 6.5,
      "size": "400g",
      "image": "https://m.media-amazon.com/images/I/61t-JowwNSL._AC_UL320_.jpg",
      "url": "https://www.amazon.com.au/dp/B00HPXN4LW",
      "retailer": "Amazon AU",
      "category": "Instant",
      "slug": "mocconaespresso-style-freeze-dried-instant-coffee-400-g--amazon-au"
    },
    {
      "id": "amazon-1771331315706-7pdtr-13",
      "name": "Morning MadeOriginal Chai Latte Powder Mix | Organic Black Tea & Spice Blend, Low-Caffeine Coffee Alternative | Sweetened, Vegan, Dairy-Free, Gluten-Free | 10.6oz (60 Serves).",
      "brand": "Morning MadeOriginal",
      "price": 40,
      "wasPrice": 133.33,
      "savingsAmount": 93.33,
      "isOnSpecial": true,
      "cupPrice": "",
      "cupPriceValue": 0,
      "size": "",
      "image": "https://m.media-amazon.com/images/I/61AcGdEZ2FL._AC_UL320_.jpg",
      "url": "https://www.amazon.com.au/dp/B0FJZRTCZ7",
      "retailer": "Amazon AU",
      "category": "Sachets",
      "slug": "morning-madeoriginal-chai-latte-powder-mix-organic-black-tea-spice-blend-low-caf--amazon-au"
    },
    {
      "id": "amazon-1771331315706-8yk3x-14",
      "name": "MocconaClassic Medium Roast Freeze Dried Instant Coffee 1kg",
      "brand": "MocconaClassic Medium",
      "price": 63.99,
      "wasPrice": null,
      "savingsAmount": 0,
      "isOnSpecial": false,
      "cupPrice": "$6.40 / 100g",
      "cupPriceValue": 6.4,
      "size": "1kg",
      "image": "https://m.media-amazon.com/images/I/81gQkMPnMAL._AC_UL320_.jpg",
      "url": "https://www.amazon.com.au/dp/B0B27X2C7N",
      "retailer": "Amazon AU",
      "category": "Instant",
      "slug": "mocconaclassic-medium-roast-freeze-dried-instant-coffee-1kg--amazon-au"
    },
    {
      "id": "amazon-1771331315706-59i4f-15",
      "name": "MocconaClassic Medium Roast Freeze Dried Instant Coffee Refill Pouch 300g",
      "brand": "MocconaClassic Medium",
      "price": 19,
      "wasPrice": null,
      "savingsAmount": 0,
      "isOnSpecial": false,
      "cupPrice": "$6.33 / 100g",
      "cupPriceValue": 6.33,
      "size": "300g",
      "image": "https://m.media-amazon.com/images/I/61H19kDscWL._AC_UL320_.jpg",
      "url": "https://www.amazon.com.au/dp/B0F4K5P8HC",
      "retailer": "Amazon AU",
      "category": "Instant",
      "slug": "mocconaclassic-medium-roast-freeze-dried-instant-coffee-refill-pouch-300g--amazon-au"
    },
    {
      "id": "amazon-1771331315707-3t529-16",
      "name": "Nescafe Gold Blend Intensity 7 Dark & Vibrant Instant Coffee 200 g",
      "brand": "Nescafe Gold",
      "price": 13.8,
      "wasPrice": null,
      "savingsAmount": 0,
      "isOnSpecial": false,
      "cupPrice": "$6.90 / 100g",
      "cupPriceValue": 6.9,
      "size": "200g",
      "image": "https://m.media-amazon.com/images/I/71cEmZeRj3L._AC_UL320_.jpg",
      "url": "https://www.amazon.com.au/dp/B07LFWMKHF",
      "retailer": "Amazon AU",
      "category": "Instant",
      "slug": "nescafe-gold-blend-intensity-7-dark-vibrant-instant-coffee-200-g--amazon-au"
    },
    {
      "id": "amazon-1771331315707-hil2s-17",
      "name": "Nescafe Blend 43 Smooth & Creamy Instant Coffee 140 g",
      "brand": "Nescafe Blend",
      "price": 7.25,
      "wasPrice": null,
      "savingsAmount": 0,
      "isOnSpecial": false,
      "cupPrice": "$5.18 / 100g",
      "cupPriceValue": 5.18,
      "size": "140g",
      "image": "https://m.media-amazon.com/images/I/8147yJ1E7uL._AC_UL320_.jpg",
      "url": "https://www.amazon.com.au/dp/B07FPSF2FR",
      "retailer": "Amazon AU",
      "category": "Instant",
      "slug": "nescafe-blend-43-smooth-creamy-instant-coffee-140-g--amazon-au"
    },
    {
      "id": "amazon-1771331315707-h2g0d-18",
      "name": "NESCAFÉGold Original Instant Coffee 400g",
      "brand": "NESCAF",
      "price": 26,
      "wasPrice": null,
      "savingsAmount": 0,
      "isOnSpecial": false,
      "cupPrice": "$6.50 / 100g",
      "cupPriceValue": 6.5,
      "size": "400g",
      "image": "https://m.media-amazon.com/images/I/81v-1AQGmvL._AC_UL320_.jpg",
      "url": "https://www.amazon.com.au/dp/B07FQ86RQZ",
      "retailer": "Amazon AU",
      "category": "Instant",
      "slug": "nescafgold-original-instant-coffee-400g--amazon-au"
    },
    {
      "id": "amazon-1771331315707-9q4r1-19",
      "name": "BRUInstant Super Strong Coffee, 500 g",
      "brand": "BRUInstant Super",
      "price": 19.15,
      "wasPrice": null,
      "savingsAmount": 0,
      "isOnSpecial": false,
      "cupPrice": "$3.83 / 100g",
      "cupPriceValue": 3.83,
      "size": "500g",
      "image": "https://m.media-amazon.com/images/I/91mRx01kw5L._AC_UL320_.jpg",
      "url": "https://www.amazon.com.au/dp/B081JC6PZX",
      "retailer": "Amazon AU",
      "category": "Instant",
      "slug": "bruinstant-super-strong-coffee-500-g--amazon-au"
    },
    {
      "id": "amazon-1771331315708-fi18k-20",
      "name": "MocconaClassic Medium Roast Freeze Dried Instant Coffee, 200g",
      "brand": "MocconaClassic Medium",
      "price": 23.6,
      "wasPrice": null,
      "savingsAmount": 0,
      "isOnSpecial": false,
      "cupPrice": "$11.80 / 100g",
      "cupPriceValue": 11.8,
      "size": "200g",
      "image": "https://m.media-amazon.com/images/I/61+f9S1bVtL._AC_UL320_.jpg",
      "url": "https://www.amazon.com.au/dp/B003O0N5BY",
      "retailer": "Amazon AU",
      "category": "Instant",
      "slug": "mocconaclassic-medium-roast-freeze-dried-instant-coffee-200g--amazon-au"
    },
    {
      "id": "amazon-1771331315708-e588m-21",
      "name": "MocconaSmooth Granulated Instant Coffee Can, 500 g",
      "brand": "MocconaSmooth Granulated",
      "price": 29,
      "wasPrice": null,
      "savingsAmount": 0,
      "isOnSpecial": false,
      "cupPrice": "$5.80 / 100g",
      "cupPriceValue": 5.8,
      "size": "500g",
      "image": "https://m.media-amazon.com/images/I/810ZTkOjPNL._AC_UL320_.jpg",
      "url": "https://www.amazon.com.au/dp/B01JP2G1BU",
      "retailer": "Amazon AU",
      "category": "Instant",
      "slug": "mocconasmooth-granulated-instant-coffee-can-500-g--amazon-au"
    },
    {
      "id": "amazon-1771331315708-ienqc-22",
      "name": "BushellsCoffee Powder 500 g",
      "brand": "BushellsCoffee Powder",
      "price": 22.5,
      "wasPrice": null,
      "savingsAmount": 0,
      "isOnSpecial": false,
      "cupPrice": "$4.50 / 100g",
      "cupPriceValue": 4.5,
      "size": "500g",
      "image": "https://m.media-amazon.com/images/I/81uZCVW3PBL._AC_UL320_.jpg",
      "url": "https://www.amazon.com.au/dp/B0DFHH6W9Q",
      "retailer": "Amazon AU",
      "category": "Other",
      "slug": "bushellscoffee-powder-500-g--amazon-au"
    },
    {
      "id": "amazon-1771331315709-a2x7t-23",
      "name": "BRUOriginal Instant Coffee in Glass Jar",
      "brand": "BRUOriginal Instant",
      "price": 5.06,
      "wasPrice": null,
      "savingsAmount": 0,
      "isOnSpecial": false,
      "cupPrice": "",
      "cupPriceValue": 0,
      "size": "",
      "image": "https://m.media-amazon.com/images/I/81dt5+ZzzNL._AC_UL320_.jpg",
      "url": "https://www.amazon.com.au/dp/B081JBWSQC",
      "retailer": "Amazon AU",
      "category": "Instant",
      "slug": "bruoriginal-instant-coffee-in-glass-jar--amazon-au"
    },
    {
      "id": "amazon-1771331315709-p9hti-24",
      "name": "L'ORPremium Instant Coffee Artiste 8 Vigoroso 95g",
      "brand": "",
      "price": 12.5,
      "wasPrice": 1250,
      "savingsAmount": 1237.5,
      "isOnSpecial": true,
      "cupPrice": "$13.16 / 100g",
      "cupPriceValue": 13.16,
      "size": "95g",
      "image": "https://m.media-amazon.com/images/I/61gwK+vcZjL._AC_UL320_.jpg",
      "url": "https://www.amazon.com.au/dp/B0B5L95KQV",
      "retailer": "Amazon AU",
      "category": "Instant",
      "slug": "lorpremium-instant-coffee-artiste-8-vigoroso-95g--amazon-au"
    },
    {
      "id": "amazon-1771331315709-yqppl-25",
      "name": "Nescafe Gold Blend Intensity 5 Dich Aroma Smooth Instant Coffee 200 g",
      "brand": "Nescafe Gold",
      "price": 13.8,
      "wasPrice": null,
      "savingsAmount": 0,
      "isOnSpecial": false,
      "cupPrice": "$6.90 / 100g",
      "cupPriceValue": 6.9,
      "size": "200g",
      "image": "https://m.media-amazon.com/images/I/710IpFl8tLL._AC_UL320_.jpg",
      "url": "https://www.amazon.com.au/dp/B07H859JLJ",
      "retailer": "Amazon AU",
      "category": "Instant",
      "slug": "nescafe-gold-blend-intensity-5-dich-aroma-smooth-instant-coffee-200-g--amazon-au"
    },
    {
      "id": "amazon-1771331315710-ango4-26",
      "name": "L'ORPremium Instant Coffee Artiste 5 Delicato 95g",
      "brand": "",
      "price": 12.5,
      "wasPrice": null,
      "savingsAmount": 0,
      "isOnSpecial": false,
      "cupPrice": "$13.16 / 100g",
      "cupPriceValue": 13.16,
      "size": "95g",
      "image": "https://m.media-amazon.com/images/I/61hzvJnYvlL._AC_UL320_.jpg",
      "url": "https://www.amazon.com.au/dp/B01DT11028",
      "retailer": "Amazon AU",
      "category": "Instant",
      "slug": "lorpremium-instant-coffee-artiste-5-delicato-95g--amazon-au"
    },
    {
      "id": "amazon-1771331315710-ps0k4-27",
      "name": "Caffe AuroraItalian Style Freeze Dried Coffee 100 g",
      "brand": "Caffe AuroraItalian",
      "price": 9.2,
      "wasPrice": null,
      "savingsAmount": 0,
      "isOnSpecial": false,
      "cupPrice": "$9.20 / 100g",
      "cupPriceValue": 9.2,
      "size": "100g",
      "image": "https://m.media-amazon.com/images/I/71-vbww3gAL._AC_UL320_.jpg",
      "url": "https://www.amazon.com.au/dp/B0CG4CY9JT",
      "retailer": "Amazon AU",
      "category": "Other",
      "slug": "caffe-auroraitalian-style-freeze-dried-coffee-100-g--amazon-au"
    },
    {
      "id": "amazon-1771331315710-wzjbv-28",
      "name": "Coffee HeroIndonesian Java - Single Origin Coffee - Medium Roast - Cupping Notes of Dark Chocolate, Brown Sugar, Stone Fruit, Snake Fruit, Pecan - 250 Grams, Whole Beans",
      "brand": "Coffee HeroIndonesian",
      "price": 28.99,
      "wasPrice": 115.96,
      "savingsAmount": 86.97,
      "isOnSpecial": true,
      "cupPrice": "",
      "cupPriceValue": 0,
      "size": "",
      "image": "https://m.media-amazon.com/images/I/51eAmG5ki-L._AC_UL320_.jpg",
      "url": "https://www.amazon.com.au/dp/B0CW68TV5S",
      "retailer": "Amazon AU",
      "category": "Beans",
      "slug": "coffee-heroindonesian-java-single-origin-coffee-medium-roast-cupping-notes-of-da--amazon-au"
    },
    {
      "id": "amazon-1771331315710-qch6u-29",
      "name": "TWGTea | Tea Party | Black Tea | Marigold & Tropical Fruits | Haute Couture Tin, 100g | Gift Set",
      "brand": "TWGTea",
      "price": 40.86,
      "wasPrice": null,
      "savingsAmount": 0,
      "isOnSpecial": false,
      "cupPrice": "$40.86 / 100g",
      "cupPriceValue": 40.86,
      "size": "100g",
      "image": "https://m.media-amazon.com/images/I/71QEJ1SpX5L._AC_UL320_.jpg",
      "url": "https://www.amazon.com.au/dp/B089KF7NM2",
      "retailer": "Amazon AU",
      "category": "Other",
      "slug": "twgtea-tea-party-black-tea-marigold-tropical-fruits-haute-couture-tin-100g-gift--amazon-au"
    },
    {
      "id": "woolworths-1125454671",
      "name": "Coffee Capsule Pod Holder Drawer Rack Storage for Nespresso",
      "brand": "Auunite",
      "price": 56.95,
      "wasPrice": null,
      "savingsAmount": 0,
      "isOnSpecial": false,
      "cupPrice": "",
      "cupPriceValue": 0,
      "size": "1EA",
      "image": "https://cdn0.woolworths.media/content/wowproductimages/medium/1125454671.jpg",
      "url": "https://www.woolworths.com.au/shop/productdetails/1125454671/coffee-capsule-pod-holder-drawer-rack-storage-for-nespresso",
      "retailer": "Woolworths",
      "category": "Pods & Capsules",
      "slug": "coffee-capsule-pod-holder-drawer-rack-storage-for-nespresso--woolworths"
    },
    {
      "id": "woolworths-1115737659",
      "name": "40 Nespresso Coffee Capsules Pod Holder Stand Dispenser Rack Storage Capsule",
      "brand": "",
      "price": 35.18,
      "wasPrice": 39.98,
      "savingsAmount": 4.8,
      "isOnSpecial": true,
      "cupPrice": "",
      "cupPriceValue": 0,
      "size": "1EA",
      "image": "https://cdn0.woolworths.media/content/wowproductimages/medium/1115737659.jpg",
      "url": "https://www.woolworths.com.au/shop/productdetails/1115737659/40-nespresso-coffee-capsules-pod-holder-stand-dispenser-rack-storage-capsule",
      "retailer": "Woolworths",
      "category": "Pods & Capsules",
      "slug": "40-nespresso-coffee-capsules-pod-holder-stand-dispenser-rack-storage-capsule--woolworths"
    },
    {
      "id": "woolworths-1126645295",
      "name": "Deal365 40 Nespresso Coffee Capsules Pod Holder Stand Dispenser Rack Storage Capsule",
      "brand": "",
      "price": 16.37,
      "wasPrice": null,
      "savingsAmount": 0,
      "isOnSpecial": false,
      "cupPrice": "",
      "cupPriceValue": 0,
      "size": "",
      "image": "https://cdn0.woolworths.media/content/wowproductimages/medium/1126645295.jpg",
      "url": "https://www.woolworths.com.au/shop/productdetails/1126645295/deal365-40-nespresso-coffee-capsules-pod-holder-stand-dispenser-rack-storage-capsule",
      "retailer": "Woolworths",
      "category": "Pods & Capsules",
      "slug": "deal365-40-nespresso-coffee-capsules-pod-holder-stand-dispenser-rack-storage-cap--woolworths"
    },
    {
      "id": "woolworths-1120767129",
      "name": "Coffee Capsules Pod Holder Drawer Rack Storage Organizer Stand for Nespresso",
      "brand": "",
      "price": 53.96,
      "wasPrice": null,
      "savingsAmount": 0,
      "isOnSpecial": false,
      "cupPrice": "",
      "cupPriceValue": 0,
      "size": "1EA",
      "image": "https://cdn0.woolworths.media/content/wowproductimages/medium/1120767129.jpg",
      "url": "https://www.woolworths.com.au/shop/productdetails/1120767129/coffee-capsules-pod-holder-drawer-rack-storage-organizer-stand-for-nespresso",
      "retailer": "Woolworths",
      "category": "Pods & Capsules",
      "slug": "coffee-capsules-pod-holder-drawer-rack-storage-organizer-stand-for-nespresso--woolworths"
    },
    {
      "id": "woolworths-1120333911",
      "name": "Reusable Refillable Coffee Capsule Pod Stainless Steel I Cafilas For Nespresso",
      "brand": "",
      "price": 39.9,
      "wasPrice": null,
      "savingsAmount": 0,
      "isOnSpecial": false,
      "cupPrice": "",
      "cupPriceValue": 0,
      "size": "1EA",
      "image": "https://cdn0.woolworths.media/content/wowproductimages/medium/1120333911.jpg",
      "url": "https://www.woolworths.com.au/shop/productdetails/1120333911/reusable-refillable-coffee-capsule-pod-stainless-steel-i-cafilas-for-nespresso",
      "retailer": "Woolworths",
      "category": "Pods & Capsules",
      "slug": "reusable-refillable-coffee-capsule-pod-stainless-steel-i-cafilas-for-nespresso--woolworths"
    },
    {
      "id": "woolworths-1112628063",
      "name": "120pc Primo Caffe Roma Italiano Intense Capsules Pods 640g Nespresso Compatible",
      "brand": "Primo Caffe",
      "price": 45.05,
      "wasPrice": null,
      "savingsAmount": 0,
      "isOnSpecial": false,
      "cupPrice": "$37.54 / 100EA",
      "cupPriceValue": 37.54,
      "size": "120EA",
      "image": "https://cdn0.woolworths.media/content/wowproductimages/medium/1112628063.jpg",
      "url": "https://www.woolworths.com.au/shop/productdetails/1112628063/120pc-primo-caffe-roma-italiano-intense-capsules-pods-640g-nespresso-compatible",
      "retailer": "Woolworths",
      "category": "Pods & Capsules",
      "slug": "120pc-primo-caffe-roma-italiano-intense-capsules-pods-640g-nespresso-compatible--woolworths"
    },
    {
      "id": "woolworths-1121255957",
      "name": "60pc Tripod Coffee Red Sunset Medium Roast Espresso Coffee Capsule Pods",
      "brand": "TRIPOD COFFEE",
      "price": 57.8,
      "wasPrice": null,
      "savingsAmount": 0,
      "isOnSpecial": false,
      "cupPrice": "$96.33 / 100EA",
      "cupPriceValue": 96.33,
      "size": "60EA",
      "image": "https://cdn0.woolworths.media/content/wowproductimages/medium/1121255957.jpg",
      "url": "https://www.woolworths.com.au/shop/productdetails/1121255957/60pc-tripod-coffee-red-sunset-medium-roast-espresso-coffee-capsule-pods",
      "retailer": "Woolworths",
      "category": "Pods & Capsules",
      "slug": "60pc-tripod-coffee-red-sunset-medium-roast-espresso-coffee-capsule-pods--woolworths"
    },
    {
      "id": "woolworths-1109937957",
      "name": "40 Coffee Capsules Pod Holder Stand Dispenser Rack Storage Capsule",
      "brand": "",
      "price": 45,
      "wasPrice": null,
      "savingsAmount": 0,
      "isOnSpecial": false,
      "cupPrice": "",
      "cupPriceValue": 0,
      "size": "1EA",
      "image": "https://cdn0.woolworths.media/content/wowproductimages/medium/1109937957.jpg",
      "url": "https://www.woolworths.com.au/shop/productdetails/1109937957/40-coffee-capsules-pod-holder-stand-dispenser-rack-storage-capsule",
      "retailer": "Woolworths",
      "category": "Pods & Capsules",
      "slug": "40-coffee-capsules-pod-holder-stand-dispenser-rack-storage-capsule--woolworths"
    },
    {
      "id": "woolworths-59704",
      "name": "Starbucks by Nespresso Espresso Roast Coffee Pods",
      "brand": "Starbucks by Nespresso",
      "price": 9.3,
      "wasPrice": null,
      "savingsAmount": 0,
      "isOnSpecial": false,
      "cupPrice": "$0.93 / 1EA",
      "cupPriceValue": 0.93,
      "size": "10 pack",
      "image": "https://cdn0.woolworths.media/content/wowproductimages/medium/059704.jpg",
      "url": "https://www.woolworths.com.au/shop/productdetails/59704/starbucks-by-nespresso-espresso-roast-coffee-pods",
      "retailer": "Woolworths",
      "category": "Pods & Capsules",
      "slug": "starbucks-by-nespresso-espresso-roast-coffee-pods--woolworths"
    },
    {
      "id": "woolworths-6018785",
      "name": "Starbucks by Nespresso Ristretto Coffee Pods",
      "brand": "Starbucks by Nespresso",
      "price": 9.3,
      "wasPrice": null,
      "savingsAmount": 0,
      "isOnSpecial": false,
      "cupPrice": "$0.93 / 1EA",
      "cupPriceValue": 0.93,
      "size": "10 pack",
      "image": "https://cdn0.woolworths.media/content/wowproductimages/medium/6018785.jpg",
      "url": "https://www.woolworths.com.au/shop/productdetails/6018785/starbucks-by-nespresso-ristretto-coffee-pods",
      "retailer": "Woolworths",
      "category": "Pods & Capsules",
      "slug": "starbucks-by-nespresso-ristretto-coffee-pods--woolworths"
    },
    {
      "id": "woolworths-304219",
      "name": "Starbucks by Nespresso Colombia Coffee Pods",
      "brand": "Starbucks by Nespresso",
      "price": 23,
      "wasPrice": null,
      "savingsAmount": 0,
      "isOnSpecial": false,
      "cupPrice": "$0.64 / 1EA",
      "cupPriceValue": 0.64,
      "size": "36 pack",
      "image": "https://cdn0.woolworths.media/content/wowproductimages/medium/304219.jpg",
      "url": "https://www.woolworths.com.au/shop/productdetails/304219/starbucks-by-nespresso-colombia-coffee-pods",
      "retailer": "Woolworths",
      "category": "Pods & Capsules",
      "slug": "starbucks-by-nespresso-colombia-coffee-pods--woolworths"
    },
    {
      "id": "woolworths-1103413907",
      "name": "For Nespresso Capsule Dispenser Coffee Pod Holder - 60 Pods",
      "brand": "",
      "price": 45.95,
      "wasPrice": null,
      "savingsAmount": 0,
      "isOnSpecial": false,
      "cupPrice": "",
      "cupPriceValue": 0,
      "size": "1EA",
      "image": "https://cdn0.woolworths.media/content/wowproductimages/medium/1103413907.jpg",
      "url": "https://www.woolworths.com.au/shop/productdetails/1103413907/for-nespresso-capsule-dispenser-coffee-pod-holder-60-pods",
      "retailer": "Woolworths",
      "category": "Pods & Capsules",
      "slug": "for-nespresso-capsule-dispenser-coffee-pod-holder-60-pods--woolworths"
    },
    {
      "id": "amazon-1771331318263-pxfq4-0",
      "name": "Vittoria Coffee Extra Strong 100% Arabica Nespresso Compatible Coffee Pods. 40 Mixed Capsules Featuring 4 of Our Strongest Blends - 40 Pack",
      "brand": "Vittoria Coffee",
      "price": 20,
      "wasPrice": null,
      "savingsAmount": 0,
      "isOnSpecial": false,
      "cupPrice": "",
      "cupPriceValue": 0,
      "size": "40Pack",
      "image": "https://m.media-amazon.com/images/I/61tfK20p6jL._AC_UL320_.jpg",
      "url": "https://www.amazon.com.au/dp/B0DCNRH6J8",
      "retailer": "Amazon AU",
      "category": "Pods & Capsules",
      "slug": "vittoria-coffee-extra-strong-100-arabica-nespresso-compatible-coffee-pods-40-mix--amazon-au"
    },
    {
      "id": "amazon-1771331318264-8zt43-1",
      "name": "Primo Caffe Intenso Nespresso Strong Compatibles Coffee Capsule, 50 Count",
      "brand": "Primo Caffe",
      "price": 17.5,
      "wasPrice": null,
      "savingsAmount": 0,
      "isOnSpecial": false,
      "cupPrice": "",
      "cupPriceValue": 0,
      "size": "",
      "image": "https://m.media-amazon.com/images/I/51te8-clZ3L._AC_UL320_.jpg",
      "url": "https://www.amazon.com.au/dp/B07XYTZC6W",
      "retailer": "Amazon AU",
      "category": "Pods & Capsules",
      "slug": "primo-caffe-intenso-nespresso-strong-compatibles-coffee-capsule-50-count--amazon-au"
    },
    {
      "id": "amazon-1771331318264-bkzn3-2",
      "name": "Chicco D'oro Ristretto Premium Coffee Capsules 78 g (Pack of 12) - Medium Roast. Espressotoria® System compatible.",
      "brand": "Chicco",
      "price": 3.5,
      "wasPrice": null,
      "savingsAmount": 0,
      "isOnSpecial": false,
      "cupPrice": "$4.49 / 100g",
      "cupPriceValue": 4.49,
      "size": "78g",
      "image": "https://m.media-amazon.com/images/I/51A5ISEQO1L._AC_UL320_.jpg",
      "url": "https://www.amazon.com.au/dp/B0FXCD5K22",
      "retailer": "Amazon AU",
      "category": "Pods & Capsules",
      "slug": "chicco-doro-ristretto-premium-coffee-capsules-78-g-pack-of-12-medium-roast-espre--amazon-au"
    },
    {
      "id": "amazon-1771331318265-riudh-3",
      "name": "Starbucks by Nespresso House Blend Lungo Medium Roast 10 Coffee Pods (120 Count, Pack of 12)",
      "brand": "Starbucks",
      "price": 67.99,
      "wasPrice": null,
      "savingsAmount": 0,
      "isOnSpecial": false,
      "cupPrice": "",
      "cupPriceValue": 0,
      "size": "",
      "image": "https://m.media-amazon.com/images/I/81vBoEY8V9L._AC_UL320_.jpg",
      "url": "https://www.amazon.com.au/dp/B082VY58BF",
      "retailer": "Amazon AU",
      "category": "Pods & Capsules",
      "slug": "starbucks-by-nespresso-house-blend-lungo-medium-roast-10-coffee-pods-120-count-p--amazon-au"
    },
    {
      "id": "amazon-1771331318265-gx863-4",
      "name": "Starbucks by Nespresso House Blend Coffee Pods 10 Capsules",
      "brand": "Starbucks",
      "price": 6.5,
      "wasPrice": null,
      "savingsAmount": 0,
      "isOnSpecial": false,
      "cupPrice": "",
      "cupPriceValue": 0,
      "size": "10Capsules",
      "image": "https://m.media-amazon.com/images/I/71C5tjVd1FL._AC_UL320_.jpg",
      "url": "https://www.amazon.com.au/dp/B07W6Z43JW",
      "retailer": "Amazon AU",
      "category": "Pods & Capsules",
      "slug": "starbucks-by-nespresso-house-blend-coffee-pods-10-capsules--amazon-au"
    },
    {
      "id": "amazon-1771331318266-vw1js-5",
      "name": "Vittoria Coffee Decaf 100% Arabica Nespresso Compatible Aluminium Capsules. Best Served as an Espresso or Milk - 20 Pack Pods",
      "brand": "Vittoria Coffee",
      "price": 11,
      "wasPrice": null,
      "savingsAmount": 0,
      "isOnSpecial": false,
      "cupPrice": "",
      "cupPriceValue": 0,
      "size": "20Pack",
      "image": "https://m.media-amazon.com/images/I/61CnV5ecehL._AC_UL320_.jpg",
      "url": "https://www.amazon.com.au/dp/B0DYCMKFSN",
      "retailer": "Amazon AU",
      "category": "Pods & Capsules",
      "slug": "vittoria-coffee-decaf-100-arabica-nespresso-compatible-aluminium-capsules-best-s--amazon-au"
    },
    {
      "id": "amazon-1771331318266-my0u9-6",
      "name": "Vittoria Coffee Espresso 100% Arabica Nespresso Compatible Aluminium Capsules. Best Served as an Espresso or Milk - 20 Pack Pods",
      "brand": "Vittoria Coffee",
      "price": 11,
      "wasPrice": null,
      "savingsAmount": 0,
      "isOnSpecial": false,
      "cupPrice": "",
      "cupPriceValue": 0,
      "size": "20Pack",
      "image": "https://m.media-amazon.com/images/I/617IJ7crmmL._AC_UL320_.jpg",
      "url": "https://www.amazon.com.au/dp/B0CG4B58RK",
      "retailer": "Amazon AU",
      "category": "Pods & Capsules",
      "slug": "vittoria-coffee-espresso-100-arabica-nespresso-compatible-aluminium-capsules-bes--amazon-au"
    },
    {
      "id": "amazon-1771331318267-65rxg-7",
      "name": "Lavazza A Modo Mio Delizioso Coffee Capsules 16 count (Pack of 1)",
      "brand": "Lavazza",
      "price": 15,
      "wasPrice": null,
      "savingsAmount": 0,
      "isOnSpecial": false,
      "cupPrice": "",
      "cupPriceValue": 0,
      "size": "",
      "image": "https://m.media-amazon.com/images/I/81-SSkJk7-L._AC_UL320_.jpg",
      "url": "https://www.amazon.com.au/dp/B0045YKTDA",
      "retailer": "Amazon AU",
      "category": "Pods & Capsules",
      "slug": "lavazza-a-modo-mio-delizioso-coffee-capsules-16-count-pack-of-1--amazon-au"
    },
    {
      "id": "amazon-1771331318267-jv822-8",
      "name": "Caffe Aurora 100% Arabica Espresso Capsules, Pack of 12 pods - Espressotoria® System Compatible",
      "brand": "Caffe Aurora",
      "price": 4.5,
      "wasPrice": null,
      "savingsAmount": 0,
      "isOnSpecial": false,
      "cupPrice": "",
      "cupPriceValue": 0,
      "size": "12pods",
      "image": "https://m.media-amazon.com/images/I/51PxpunCJyL._AC_UL320_.jpg",
      "url": "https://www.amazon.com.au/dp/B0FWJ27XZF",
      "retailer": "Amazon AU",
      "category": "Pods & Capsules",
      "slug": "caffe-aurora-100-arabica-espresso-capsules-pack-of-12-pods-espressotoria-system--amazon-au"
    },
    {
      "id": "amazon-1771331318268-invep-9",
      "name": "NESCAFÉ DOLCE GUSTO Cappuccino Coffee Pods 16 Capsules",
      "brand": "NESCAF",
      "price": 12,
      "wasPrice": null,
      "savingsAmount": 0,
      "isOnSpecial": false,
      "cupPrice": "",
      "cupPriceValue": 0,
      "size": "16Capsules",
      "image": "https://m.media-amazon.com/images/I/51+v6wv3mrL._AC_UL320_.jpg",
      "url": "https://www.amazon.com.au/dp/B07MCMFRCQ",
      "retailer": "Amazon AU",
      "category": "Pods & Capsules",
      "slug": "nescaf-dolce-gusto-cappuccino-coffee-pods-16-capsules--amazon-au"
    },
    {
      "id": "amazon-1771331318268-yqy3y-10",
      "name": "NESCAFÉ DOLCE GUSTO Americano Rich Aroma Coffee Capsules Box of 16 servings",
      "brand": "NESCAF",
      "price": 12,
      "wasPrice": null,
      "savingsAmount": 0,
      "isOnSpecial": false,
      "cupPrice": "",
      "cupPriceValue": 0,
      "size": "",
      "image": "https://m.media-amazon.com/images/I/71s5XDYBp8L._AC_UL320_.jpg",
      "url": "https://www.amazon.com.au/dp/B07FPKY9F7",
      "retailer": "Amazon AU",
      "category": "Pods & Capsules",
      "slug": "nescaf-dolce-gusto-americano-rich-aroma-coffee-capsules-box-of-16-servings--amazon-au"
    },
    {
      "id": "amazon-1771331318269-xjvei-11",
      "name": "Perfetto Roma 100pk Nespresso Compatible Coffee Pods Intensity 10",
      "brand": "Perfetto Roma",
      "price": 44,
      "wasPrice": null,
      "savingsAmount": 0,
      "isOnSpecial": false,
      "cupPrice": "",
      "cupPriceValue": 0,
      "size": "",
      "image": "https://m.media-amazon.com/images/I/51v8Q5SEDWL._AC_UL320_.jpg",
      "url": "https://www.amazon.com.au/dp/B0CC7YTWWH",
      "retailer": "Amazon AU",
      "category": "Pods & Capsules",
      "slug": "perfetto-roma-100pk-nespresso-compatible-coffee-pods-intensity-10--amazon-au"
    },
    {
      "id": "amazon-1771331318269-g7aow-12",
      "name": "NESCAFÉ Dolce Gusto Cafe Au Lait Coffee Pods, 16 Capsules (16 Serves) 160g",
      "brand": "NESCAF",
      "price": 11.39,
      "wasPrice": null,
      "savingsAmount": 0,
      "isOnSpecial": false,
      "cupPrice": "",
      "cupPriceValue": 0,
      "size": "16Capsules",
      "image": "https://m.media-amazon.com/images/I/81evY3ZgRQL._AC_UL320_.jpg",
      "url": "https://www.amazon.com.au/dp/B07FQ7ZRBP",
      "retailer": "Amazon AU",
      "category": "Pods & Capsules",
      "slug": "nescaf-dolce-gusto-cafe-au-lait-coffee-pods-16-capsules-16-serves-160g--amazon-au"
    },
    {
      "id": "woolworths-226906",
      "name": "Nescafe Vanilla Latte Coffee Sachets",
      "brand": "Nescafe",
      "price": 8,
      "wasPrice": null,
      "savingsAmount": 0,
      "isOnSpecial": false,
      "cupPrice": "$0.80 / 1EA",
      "cupPriceValue": 0.8,
      "size": "10 pack",
      "image": "https://cdn0.woolworths.media/content/wowproductimages/medium/226906.jpg",
      "url": "https://www.woolworths.com.au/shop/productdetails/226906/nescafe-vanilla-latte-coffee-sachets",
      "retailer": "Woolworths",
      "category": "Sachets",
      "slug": "nescafe-vanilla-latte-coffee-sachets--woolworths"
    },
    {
      "id": "woolworths-226106",
      "name": "Nescafe Mocha Coffee Sachets",
      "brand": "Nescafe",
      "price": 8,
      "wasPrice": null,
      "savingsAmount": 0,
      "isOnSpecial": false,
      "cupPrice": "$0.80 / 1EA",
      "cupPriceValue": 0.8,
      "size": "10 pack",
      "image": "https://cdn0.woolworths.media/content/wowproductimages/medium/226106.jpg",
      "url": "https://www.woolworths.com.au/shop/productdetails/226106/nescafe-mocha-coffee-sachets",
      "retailer": "Woolworths",
      "category": "Sachets",
      "slug": "nescafe-mocha-coffee-sachets--woolworths"
    },
    {
      "id": "woolworths-195108",
      "name": "Nescafe Cappuccino Coffee Sachets",
      "brand": "Nescafe",
      "price": 8,
      "wasPrice": null,
      "savingsAmount": 0,
      "isOnSpecial": false,
      "cupPrice": "$0.80 / 1EA",
      "cupPriceValue": 0.8,
      "size": "10 pack",
      "image": "https://cdn0.woolworths.media/content/wowproductimages/medium/195108.jpg",
      "url": "https://www.woolworths.com.au/shop/productdetails/195108/nescafe-cappuccino-coffee-sachets",
      "retailer": "Woolworths",
      "category": "Sachets",
      "slug": "nescafe-cappuccino-coffee-sachets--woolworths"
    },
    {
      "id": "woolworths-22823",
      "name": "Nescafe Latte Coffee Sachets",
      "brand": "Nescafe",
      "price": 8,
      "wasPrice": null,
      "savingsAmount": 0,
      "isOnSpecial": false,
      "cupPrice": "$0.80 / 1EA",
      "cupPriceValue": 0.8,
      "size": "10 pack",
      "image": "https://cdn0.woolworths.media/content/wowproductimages/medium/022823.jpg",
      "url": "https://www.woolworths.com.au/shop/productdetails/22823/nescafe-latte-coffee-sachets",
      "retailer": "Woolworths",
      "category": "Sachets",
      "slug": "nescafe-latte-coffee-sachets--woolworths"
    },
    {
      "id": "woolworths-549613",
      "name": "Nescafe Caramel Latte Coffee Sachets",
      "brand": "Nescafe",
      "price": 12.5,
      "wasPrice": null,
      "savingsAmount": 0,
      "isOnSpecial": false,
      "cupPrice": "$0.48 / 1EA",
      "cupPriceValue": 0.48,
      "size": "26 pack",
      "image": "https://cdn0.woolworths.media/content/wowproductimages/medium/549613.jpg",
      "url": "https://www.woolworths.com.au/shop/productdetails/549613/nescafe-caramel-latte-coffee-sachets",
      "retailer": "Woolworths",
      "category": "Sachets",
      "slug": "nescafe-caramel-latte-coffee-sachets--woolworths"
    },
    {
      "id": "woolworths-6018781",
      "name": "Nescafe Velvety White Choc Mocha Coffee Sachets",
      "brand": "Nescafe",
      "price": 8,
      "wasPrice": null,
      "savingsAmount": 0,
      "isOnSpecial": false,
      "cupPrice": "$1.00 / 1EA",
      "cupPriceValue": 1,
      "size": "8 pack",
      "image": "https://cdn0.woolworths.media/content/wowproductimages/medium/6018781.jpg",
      "url": "https://www.woolworths.com.au/shop/productdetails/6018781/nescafe-velvety-white-choc-mocha-coffee-sachets",
      "retailer": "Woolworths",
      "category": "Sachets",
      "slug": "nescafe-velvety-white-choc-mocha-coffee-sachets--woolworths"
    },
    {
      "id": "woolworths-259079",
      "name": "Nescafe Cappuccino Strong Coffee Sachets",
      "brand": "Nescafe",
      "price": 8,
      "wasPrice": null,
      "savingsAmount": 0,
      "isOnSpecial": false,
      "cupPrice": "$0.80 / 1EA",
      "cupPriceValue": 0.8,
      "size": "10 pack",
      "image": "https://cdn0.woolworths.media/content/wowproductimages/medium/259079.jpg",
      "url": "https://www.woolworths.com.au/shop/productdetails/259079/nescafe-cappuccino-strong-coffee-sachets",
      "retailer": "Woolworths",
      "category": "Sachets",
      "slug": "nescafe-cappuccino-strong-coffee-sachets--woolworths"
    },
    {
      "id": "woolworths-319548",
      "name": "Woolworths Latte Coffee Sachets",
      "brand": "Woolworths",
      "price": 3.5,
      "wasPrice": null,
      "savingsAmount": 0,
      "isOnSpecial": false,
      "cupPrice": "$0.35 / 1EA",
      "cupPriceValue": 0.35,
      "size": "10 pack",
      "image": "https://cdn0.woolworths.media/content/wowproductimages/medium/319548.jpg",
      "url": "https://www.woolworths.com.au/shop/productdetails/319548/woolworths-latte-coffee-sachets",
      "retailer": "Woolworths",
      "category": "Sachets",
      "slug": "woolworths-latte-coffee-sachets--woolworths"
    },
    {
      "id": "woolworths-242067",
      "name": "Nescafe Double Shot Latte Coffee Sachets",
      "brand": "Nescafe",
      "price": 8,
      "wasPrice": null,
      "savingsAmount": 0,
      "isOnSpecial": false,
      "cupPrice": "$0.80 / 1EA",
      "cupPriceValue": 0.8,
      "size": "10 pack",
      "image": "https://cdn0.woolworths.media/content/wowproductimages/medium/242067.jpg",
      "url": "https://www.woolworths.com.au/shop/productdetails/242067/nescafe-double-shot-latte-coffee-sachets",
      "retailer": "Woolworths",
      "category": "Sachets",
      "slug": "nescafe-double-shot-latte-coffee-sachets--woolworths"
    },
    {
      "id": "woolworths-226666",
      "name": "Nescafe Hazelnut Latte Coffee Sachets",
      "brand": "Nescafe",
      "price": 8,
      "wasPrice": null,
      "savingsAmount": 0,
      "isOnSpecial": false,
      "cupPrice": "$0.80 / 1EA",
      "cupPriceValue": 0.8,
      "size": "10 pack",
      "image": "https://cdn0.woolworths.media/content/wowproductimages/medium/226666.jpg",
      "url": "https://www.woolworths.com.au/shop/productdetails/226666/nescafe-hazelnut-latte-coffee-sachets",
      "retailer": "Woolworths",
      "category": "Sachets",
      "slug": "nescafe-hazelnut-latte-coffee-sachets--woolworths"
    },
    {
      "id": "woolworths-115138",
      "name": "Nescafe 98% Sugar Free Latte Coffee Sachets",
      "brand": "Nescafe",
      "price": 8,
      "wasPrice": null,
      "savingsAmount": 0,
      "isOnSpecial": false,
      "cupPrice": "$0.80 / 1EA",
      "cupPriceValue": 0.8,
      "size": "10 pack",
      "image": "https://cdn0.woolworths.media/content/wowproductimages/medium/115138.jpg",
      "url": "https://www.woolworths.com.au/shop/productdetails/115138/nescafe-98-sugar-free-latte-coffee-sachets",
      "retailer": "Woolworths",
      "category": "Sachets",
      "slug": "nescafe-98-sugar-free-latte-coffee-sachets--woolworths"
    },
    {
      "id": "woolworths-174190",
      "name": "Moccona Coffee Sachets Strong Cappuccino",
      "brand": "Moccona",
      "price": 7.9,
      "wasPrice": null,
      "savingsAmount": 0,
      "isOnSpecial": false,
      "cupPrice": "$0.79 / 1EA",
      "cupPriceValue": 0.79,
      "size": "10 pack",
      "image": "https://cdn0.woolworths.media/content/wowproductimages/medium/174190.jpg",
      "url": "https://www.woolworths.com.au/shop/productdetails/174190/moccona-coffee-sachets-strong-cappuccino",
      "retailer": "Woolworths",
      "category": "Sachets",
      "slug": "moccona-coffee-sachets-strong-cappuccino--woolworths"
    },
    {
      "id": "woolworths-642038",
      "name": "Nescafe 98% Sugar Free Hazelnut Latte Coffee Sachets",
      "brand": "Nescafe",
      "price": 8,
      "wasPrice": null,
      "savingsAmount": 0,
      "isOnSpecial": false,
      "cupPrice": "$0.80 / 1EA",
      "cupPriceValue": 0.8,
      "size": "10 pack",
      "image": "https://cdn0.woolworths.media/content/wowproductimages/medium/642038.jpg",
      "url": "https://www.woolworths.com.au/shop/productdetails/642038/nescafe-98-sugar-free-hazelnut-latte-coffee-sachets",
      "retailer": "Woolworths",
      "category": "Sachets",
      "slug": "nescafe-98-sugar-free-hazelnut-latte-coffee-sachets--woolworths"
    },
    {
      "id": "woolworths-690852",
      "name": "Woolworths Chai Latte Sachets",
      "brand": "Woolworths",
      "price": 3.5,
      "wasPrice": null,
      "savingsAmount": 0,
      "isOnSpecial": false,
      "cupPrice": "$0.35 / 1EA",
      "cupPriceValue": 0.35,
      "size": "10 pack",
      "image": "https://cdn0.woolworths.media/content/wowproductimages/medium/690852.jpg",
      "url": "https://www.woolworths.com.au/shop/productdetails/690852/woolworths-chai-latte-sachets",
      "retailer": "Woolworths",
      "category": "Sachets",
      "slug": "woolworths-chai-latte-sachets--woolworths"
    },
    {
      "id": "woolworths-6026633",
      "name": "Avalanche 99% Sugar Free Coffee Sachets Strong Cappuccino",
      "brand": "Avalanche",
      "price": 3.7,
      "wasPrice": 5.5,
      "savingsAmount": 1.8,
      "isOnSpecial": true,
      "cupPrice": "$0.37 / 1EA",
      "cupPriceValue": 0.37,
      "size": "10 pack",
      "image": "https://cdn0.woolworths.media/content/wowproductimages/medium/6026633.jpg",
      "url": "https://www.woolworths.com.au/shop/productdetails/6026633/avalanche-99-sugar-free-coffee-sachets-strong-cappuccino",
      "retailer": "Woolworths",
      "category": "Sachets",
      "slug": "avalanche-99-sugar-free-coffee-sachets-strong-cappuccino--woolworths"
    },
    {
      "id": "woolworths-6015759",
      "name": "Nescafe Creamy Coconut Latte Coffee Sachets",
      "brand": "Nescafe",
      "price": 8,
      "wasPrice": null,
      "savingsAmount": 0,
      "isOnSpecial": false,
      "cupPrice": "$1.00 / 1EA",
      "cupPriceValue": 1,
      "size": "8 pack",
      "image": "https://cdn0.woolworths.media/content/wowproductimages/medium/6015759.jpg",
      "url": "https://www.woolworths.com.au/shop/productdetails/6015759/nescafe-creamy-coconut-latte-coffee-sachets",
      "retailer": "Woolworths",
      "category": "Sachets",
      "slug": "nescafe-creamy-coconut-latte-coffee-sachets--woolworths"
    },
    {
      "id": "woolworths-659487",
      "name": "Jarrah Strong Cappuccino Sachets",
      "brand": "Jarrah",
      "price": 4.25,
      "wasPrice": 8.5,
      "savingsAmount": 4.25,
      "isOnSpecial": true,
      "cupPrice": "$0.43 / 1EA",
      "cupPriceValue": 0.43,
      "size": "10 pack",
      "image": "https://cdn0.woolworths.media/content/wowproductimages/medium/659487.jpg",
      "url": "https://www.woolworths.com.au/shop/productdetails/659487/jarrah-strong-cappuccino-sachets",
      "retailer": "Woolworths",
      "category": "Sachets",
      "slug": "jarrah-strong-cappuccino-sachets--woolworths"
    },
    {
      "id": "woolworths-115795",
      "name": "Nescafe 98% Sugar Free Caramel Latte Coffee Sachets",
      "brand": "Nescafe",
      "price": 8,
      "wasPrice": null,
      "savingsAmount": 0,
      "isOnSpecial": false,
      "cupPrice": "$0.80 / 1EA",
      "cupPriceValue": 0.8,
      "size": "10 pack",
      "image": "https://cdn0.woolworths.media/content/wowproductimages/medium/115795.jpg",
      "url": "https://www.woolworths.com.au/shop/productdetails/115795/nescafe-98-sugar-free-caramel-latte-coffee-sachets",
      "retailer": "Woolworths",
      "category": "Sachets",
      "slug": "nescafe-98-sugar-free-caramel-latte-coffee-sachets--woolworths"
    },
    {
      "id": "woolworths-22780",
      "name": "Nescafe Cappuccino Decaf Coffee Sachets",
      "brand": "Nescafe",
      "price": 8,
      "wasPrice": null,
      "savingsAmount": 0,
      "isOnSpecial": false,
      "cupPrice": "$0.80 / 1EA",
      "cupPriceValue": 0.8,
      "size": "10 pack",
      "image": "https://cdn0.woolworths.media/content/wowproductimages/medium/022780.jpg",
      "url": "https://www.woolworths.com.au/shop/productdetails/22780/nescafe-cappuccino-decaf-coffee-sachets",
      "retailer": "Woolworths",
      "category": "Sachets",
      "slug": "nescafe-cappuccino-decaf-coffee-sachets--woolworths"
    },
    {
      "id": "woolworths-213595",
      "name": "Moccona Cadbury Coffee Sachets Mocha Sachets",
      "brand": "Moccona",
      "price": 7.9,
      "wasPrice": null,
      "savingsAmount": 0,
      "isOnSpecial": false,
      "cupPrice": "$0.99 / 1EA",
      "cupPriceValue": 0.99,
      "size": "8 pack",
      "image": "https://cdn0.woolworths.media/content/wowproductimages/medium/213595.jpg",
      "url": "https://www.woolworths.com.au/shop/productdetails/213595/moccona-cadbury-coffee-sachets-mocha-sachets",
      "retailer": "Woolworths",
      "category": "Sachets",
      "slug": "moccona-cadbury-coffee-sachets-mocha-sachets--woolworths"
    },
    {
      "id": "woolworths-6020492",
      "name": "Moccona Coffee Sachets Sugar Free Cappuccino",
      "brand": "Moccona",
      "price": 7.9,
      "wasPrice": null,
      "savingsAmount": 0,
      "isOnSpecial": false,
      "cupPrice": "$0.79 / 1EA",
      "cupPriceValue": 0.79,
      "size": "10 pack",
      "image": "https://cdn0.woolworths.media/content/wowproductimages/medium/6020492.jpg",
      "url": "https://www.woolworths.com.au/shop/productdetails/6020492/moccona-coffee-sachets-sugar-free-cappuccino",
      "retailer": "Woolworths",
      "category": "Sachets",
      "slug": "moccona-coffee-sachets-sugar-free-cappuccino--woolworths"
    },
    {
      "id": "woolworths-549626",
      "name": "Nescafe Cappuccino Skim Coffee Sachets",
      "brand": "Nescafe",
      "price": 12.5,
      "wasPrice": null,
      "savingsAmount": 0,
      "isOnSpecial": false,
      "cupPrice": "$0.48 / 1EA",
      "cupPriceValue": 0.48,
      "size": "26 pack",
      "image": "https://cdn0.woolworths.media/content/wowproductimages/medium/549626.jpg",
      "url": "https://www.woolworths.com.au/shop/productdetails/549626/nescafe-cappuccino-skim-coffee-sachets",
      "retailer": "Woolworths",
      "category": "Sachets",
      "slug": "nescafe-cappuccino-skim-coffee-sachets--woolworths"
    },
    {
      "id": "woolworths-6016157",
      "name": "Nescafe Double Shot Caramel Latte Coffee Sachets",
      "brand": "Nescafe",
      "price": 8,
      "wasPrice": null,
      "savingsAmount": 0,
      "isOnSpecial": false,
      "cupPrice": "$0.80 / 1EA",
      "cupPriceValue": 0.8,
      "size": "10 pack",
      "image": "https://cdn0.woolworths.media/content/wowproductimages/medium/6016157.jpg",
      "url": "https://www.woolworths.com.au/shop/productdetails/6016157/nescafe-double-shot-caramel-latte-coffee-sachets",
      "retailer": "Woolworths",
      "category": "Sachets",
      "slug": "nescafe-double-shot-caramel-latte-coffee-sachets--woolworths"
    },
    {
      "id": "woolworths-178192",
      "name": "Nescafe Iced Cappuccino Original Coffee Sachets",
      "brand": "Nescafe",
      "price": 8,
      "wasPrice": null,
      "savingsAmount": 0,
      "isOnSpecial": false,
      "cupPrice": "$1.00 / 1EA",
      "cupPriceValue": 1,
      "size": "8 pack",
      "image": "https://cdn0.woolworths.media/content/wowproductimages/medium/178192.jpg",
      "url": "https://www.woolworths.com.au/shop/productdetails/178192/nescafe-iced-cappuccino-original-coffee-sachets",
      "retailer": "Woolworths",
      "category": "Sachets",
      "slug": "nescafe-iced-cappuccino-original-coffee-sachets--woolworths"
    },
    {
      "id": "woolworths-115794",
      "name": "Nescafe 98% Sugar Free Mocha Coffee Sachets",
      "brand": "Nescafe",
      "price": 8,
      "wasPrice": null,
      "savingsAmount": 0,
      "isOnSpecial": false,
      "cupPrice": "$0.80 / 1EA",
      "cupPriceValue": 0.8,
      "size": "10 pack",
      "image": "https://cdn0.woolworths.media/content/wowproductimages/medium/115794.jpg",
      "url": "https://www.woolworths.com.au/shop/productdetails/115794/nescafe-98-sugar-free-mocha-coffee-sachets",
      "retailer": "Woolworths",
      "category": "Sachets",
      "slug": "nescafe-98-sugar-free-mocha-coffee-sachets--woolworths"
    },
    {
      "id": "woolworths-175028",
      "name": "Moccona Coffee Sachets Caramel Latte",
      "brand": "Moccona",
      "price": 7.9,
      "wasPrice": null,
      "savingsAmount": 0,
      "isOnSpecial": false,
      "cupPrice": "$0.79 / 1EA",
      "cupPriceValue": 0.79,
      "size": "10 pack",
      "image": "https://cdn0.woolworths.media/content/wowproductimages/medium/175028.jpg",
      "url": "https://www.woolworths.com.au/shop/productdetails/175028/moccona-coffee-sachets-caramel-latte",
      "retailer": "Woolworths",
      "category": "Sachets",
      "slug": "moccona-coffee-sachets-caramel-latte--woolworths"
    },
    {
      "id": "woolworths-175685",
      "name": "Moccona Coffee Sachets Cappuccino",
      "brand": "Moccona",
      "price": 13,
      "wasPrice": null,
      "savingsAmount": 0,
      "isOnSpecial": false,
      "cupPrice": "$0.43 / 1EA",
      "cupPriceValue": 0.43,
      "size": "30 pack",
      "image": "https://cdn0.woolworths.media/content/wowproductimages/medium/175685.jpg",
      "url": "https://www.woolworths.com.au/shop/productdetails/175685/moccona-coffee-sachets-cappuccino",
      "retailer": "Woolworths",
      "category": "Sachets",
      "slug": "moccona-coffee-sachets-cappuccino--woolworths"
    },
    {
      "id": "woolworths-175458",
      "name": "Moccona Coffee Sachets Double Shot Latte",
      "brand": "Moccona",
      "price": 7.9,
      "wasPrice": null,
      "savingsAmount": 0,
      "isOnSpecial": false,
      "cupPrice": "$0.79 / 1EA",
      "cupPriceValue": 0.79,
      "size": "10 pack",
      "image": "https://cdn0.woolworths.media/content/wowproductimages/medium/175458.jpg",
      "url": "https://www.woolworths.com.au/shop/productdetails/175458/moccona-coffee-sachets-double-shot-latte",
      "retailer": "Woolworths",
      "category": "Sachets",
      "slug": "moccona-coffee-sachets-double-shot-latte--woolworths"
    },
    {
      "id": "amazon-1771331320876-wi8za-0",
      "name": "Moccona Classic Medium Roast Coffee Sachets (Pack of 200)",
      "brand": "Moccona Classic",
      "price": 53.46,
      "wasPrice": null,
      "savingsAmount": 0,
      "isOnSpecial": false,
      "cupPrice": "",
      "cupPriceValue": 0,
      "size": "",
      "image": "https://m.media-amazon.com/images/I/81Aa5Osp+jL._AC_UL320_.jpg",
      "url": "https://www.amazon.com.au/dp/B0G6K1JTZ6",
      "retailer": "Amazon AU",
      "category": "Sachets",
      "slug": "moccona-classic-medium-roast-coffee-sachets-pack-of-200--amazon-au"
    },
    {
      "id": "amazon-1771331320876-stlrr-1",
      "name": "NESCAFÉ Vanilla Latte Coffee Sachets 10 Pack",
      "brand": "NESCAF",
      "price": 4,
      "wasPrice": null,
      "savingsAmount": 0,
      "isOnSpecial": false,
      "cupPrice": "",
      "cupPriceValue": 0,
      "size": "10Pack",
      "image": "https://m.media-amazon.com/images/I/81+eqAcT57L._AC_UL320_.jpg",
      "url": "https://www.amazon.com.au/dp/B009QWOO3C",
      "retailer": "Amazon AU",
      "category": "Sachets",
      "slug": "nescaf-vanilla-latte-coffee-sachets-10-pack--amazon-au"
    },
    {
      "id": "amazon-1771331320877-jwr61-2",
      "name": "NESCAFÉ Caramel Latte Instant Coffee Mixes Sachets 78 Pack (3 x 26 Pack)",
      "brand": "NESCAF",
      "price": 37.5,
      "wasPrice": null,
      "savingsAmount": 0,
      "isOnSpecial": false,
      "cupPrice": "",
      "cupPriceValue": 0,
      "size": "78Pack",
      "image": "https://m.media-amazon.com/images/I/71s66u9TOVL._AC_UL320_.jpg",
      "url": "https://www.amazon.com.au/dp/B0DNDY5WS9",
      "retailer": "Amazon AU",
      "category": "Instant",
      "slug": "nescaf-caramel-latte-instant-coffee-mixes-sachets-78-pack-3-x-26-pack--amazon-au"
    },
    {
      "id": "amazon-1771331320877-eclec-3",
      "name": "Moccona Coffee Sachets Double Shot Latte 50 sachets (10 sachets x 5 packs)",
      "brand": "Moccona Coffee",
      "price": 29.25,
      "wasPrice": null,
      "savingsAmount": 0,
      "isOnSpecial": false,
      "cupPrice": "",
      "cupPriceValue": 0,
      "size": "",
      "image": "https://m.media-amazon.com/images/I/812suNh2QeL._AC_UL320_.jpg",
      "url": "https://www.amazon.com.au/dp/B013G79O78",
      "retailer": "Amazon AU",
      "category": "Sachets",
      "slug": "moccona-coffee-sachets-double-shot-latte-50-sachets-10-sachets-x-5-packs--amazon-au"
    },
    {
      "id": "amazon-1771331320877-hoh1g-4",
      "name": "NESCAFÉ Cappuccino Instant Coffee Mixes Sachets 3 x 30 Sachets (90 Count, Pack of 3) (No Shaker Included)",
      "brand": "NESCAF",
      "price": 42.36,
      "wasPrice": null,
      "savingsAmount": 0,
      "isOnSpecial": false,
      "cupPrice": "",
      "cupPriceValue": 0,
      "size": "",
      "image": "https://m.media-amazon.com/images/I/61U9smkr7jL._AC_UL320_.jpg",
      "url": "https://www.amazon.com.au/dp/B0C4YJVRX8",
      "retailer": "Amazon AU",
      "category": "Instant",
      "slug": "nescaf-cappuccino-instant-coffee-mixes-sachets-3-x-30-sachets-90-count-pack-of-3--amazon-au"
    },
    {
      "id": "amazon-1771331320878-abes5-5",
      "name": "Moccona Coffee Sachets Strong Cappuccino 50 sachets (10 sachets x 5 packs)",
      "brand": "Moccona Coffee",
      "price": 39.5,
      "wasPrice": null,
      "savingsAmount": 0,
      "isOnSpecial": false,
      "cupPrice": "",
      "cupPriceValue": 0,
      "size": "",
      "image": "https://m.media-amazon.com/images/I/91bUMMoBZ8L._AC_UL320_.jpg",
      "url": "https://www.amazon.com.au/dp/B013EJQO6W",
      "retailer": "Amazon AU",
      "category": "Sachets",
      "slug": "moccona-coffee-sachets-strong-cappuccino-50-sachets-10-sachets-x-5-packs--amazon-au"
    },
    {
      "id": "amazon-1771331320878-abz20-6",
      "name": "Moccona Coffee Sachets Latte 50 sachets (10 sachets x 5 packs)",
      "brand": "Moccona Coffee",
      "price": 29.25,
      "wasPrice": null,
      "savingsAmount": 0,
      "isOnSpecial": false,
      "cupPrice": "",
      "cupPriceValue": 0,
      "size": "",
      "image": "https://m.media-amazon.com/images/I/91K4O3uCm6L._AC_UL320_.jpg",
      "url": "https://www.amazon.com.au/dp/B013EJQHB4",
      "retailer": "Amazon AU",
      "category": "Sachets",
      "slug": "moccona-coffee-sachets-latte-50-sachets-10-sachets-x-5-packs--amazon-au"
    },
    {
      "id": "amazon-1771331320878-lcgul-7",
      "name": "Moccona Coffee Sachets Cappuccino 50 sachets (10 sachets x 5 packs)",
      "brand": "Moccona Coffee",
      "price": 39.5,
      "wasPrice": null,
      "savingsAmount": 0,
      "isOnSpecial": false,
      "cupPrice": "",
      "cupPriceValue": 0,
      "size": "",
      "image": "https://m.media-amazon.com/images/I/913WZZuZOAL._AC_UL320_.jpg",
      "url": "https://www.amazon.com.au/dp/B013EJQA48",
      "retailer": "Amazon AU",
      "category": "Sachets",
      "slug": "moccona-coffee-sachets-cappuccino-50-sachets-10-sachets-x-5-packs--amazon-au"
    },
    {
      "id": "amazon-1771331320879-oi9qx-8",
      "name": "Vittoria Coffee Cappuccino Classic Instant Coffee Sachets - 100% Freeze Dried Premium Coffee. Topped with thick, velvety froth. Ready to mix, just add hot water. 8 Serves",
      "brand": "Vittoria Coffee",
      "price": 8.5,
      "wasPrice": null,
      "savingsAmount": 0,
      "isOnSpecial": false,
      "cupPrice": "",
      "cupPriceValue": 0,
      "size": "",
      "image": "https://m.media-amazon.com/images/I/71+tGCIHXIL._AC_UL320_.jpg",
      "url": "https://www.amazon.com.au/dp/B0FL1W15NT",
      "retailer": "Amazon AU",
      "category": "Instant",
      "slug": "vittoria-coffee-cappuccino-classic-instant-coffee-sachets-100-freeze-dried-premi--amazon-au"
    },
    {
      "id": "amazon-1771331320879-3tkn4-9",
      "name": "Moccona Coffee Sachets Caramel Latte 50 sachets (10 sachets x 5 packs)",
      "brand": "Moccona Coffee",
      "price": 39.5,
      "wasPrice": null,
      "savingsAmount": 0,
      "isOnSpecial": false,
      "cupPrice": "",
      "cupPriceValue": 0,
      "size": "",
      "image": "https://m.media-amazon.com/images/I/91jEypdGDAL._AC_UL320_.jpg",
      "url": "https://www.amazon.com.au/dp/B00NNS0HK4",
      "retailer": "Amazon AU",
      "category": "Sachets",
      "slug": "moccona-coffee-sachets-caramel-latte-50-sachets-10-sachets-x-5-packs--amazon-au"
    },
    {
      "id": "amazon-1771331320879-06p7c-10",
      "name": "NESCAFÉ BLEND 43 Instant Coffee Stick Packs (1.7g x 280), 476g",
      "brand": "NESCAF",
      "price": 72.49,
      "wasPrice": null,
      "savingsAmount": 0,
      "isOnSpecial": false,
      "cupPrice": "$4264.12 / 100g",
      "cupPriceValue": 4264.12,
      "size": "1.7g",
      "image": "https://m.media-amazon.com/images/I/61495ua+CEL._AC_UL320_.jpg",
      "url": "https://www.amazon.com.au/dp/B087C3172P",
      "retailer": "Amazon AU",
      "category": "Instant",
      "slug": "nescaf-blend-43-instant-coffee-stick-packs-17g-x-280-476g--amazon-au"
    },
    {
      "id": "amazon-1771331320880-n8o84-11",
      "name": "Nescafe 3 In1 Rich Premix Coffee 25 Sticks 450g",
      "brand": "Nescafe",
      "price": 10.49,
      "wasPrice": null,
      "savingsAmount": 0,
      "isOnSpecial": false,
      "cupPrice": "$2.33 / 100g",
      "cupPriceValue": 2.33,
      "size": "450g",
      "image": "https://m.media-amazon.com/images/I/618ZdrIKcPL._AC_UL320_.jpg",
      "url": "https://www.amazon.com.au/dp/B0BN1FGQNW",
      "retailer": "Amazon AU",
      "category": "Sachets",
      "slug": "nescafe-3-in1-rich-premix-coffee-25-sticks-450g--amazon-au"
    },
    {
      "id": "amazon-1771331320880-k6p9o-12",
      "name": "Vittoria Coffee Cappuccino Strong Instant Coffee Sachets - 100% Freeze Dried Premium Coffee. Strong blend topped with thick, velvety froth. Ready to mix, just add hot water. 8 Serves",
      "brand": "Vittoria Coffee",
      "price": 8.5,
      "wasPrice": null,
      "savingsAmount": 0,
      "isOnSpecial": false,
      "cupPrice": "",
      "cupPriceValue": 0,
      "size": "",
      "image": "https://m.media-amazon.com/images/I/71YYDexzKzL._AC_UL320_.jpg",
      "url": "https://www.amazon.com.au/dp/B0FL1Y51DW",
      "retailer": "Amazon AU",
      "category": "Instant",
      "slug": "vittoria-coffee-cappuccino-strong-instant-coffee-sachets-100-freeze-dried-premiu--amazon-au"
    },
    {
      "id": "amazon-1771331320880-lp2yg-13",
      "name": "Nescafe Menu Caramel Latte Instant Coffee 12.5 g (Pack of 10)",
      "brand": "Nescafe Menu",
      "price": 8,
      "wasPrice": null,
      "savingsAmount": 0,
      "isOnSpecial": false,
      "cupPrice": "$64.00 / 100g",
      "cupPriceValue": 64,
      "size": "12.5g",
      "image": "https://m.media-amazon.com/images/I/81WwnU1v9UL._AC_UL320_.jpg",
      "url": "https://www.amazon.com.au/dp/B07FQ86RQB",
      "retailer": "Amazon AU",
      "category": "Instant",
      "slug": "nescafe-menu-caramel-latte-instant-coffee-125-g-pack-of-10--amazon-au"
    },
    {
      "id": "amazon-1771331320880-mc53j-14",
      "name": "Vittoria Coffee Mocha Instant Coffee Sachets - 100% Freeze Dried Premium Coffee with Rich cocoa, topped with thick, velvety froth. Ready to mix, just add hot water. 8 Serves",
      "brand": "Vittoria Coffee",
      "price": 8.5,
      "wasPrice": null,
      "savingsAmount": 0,
      "isOnSpecial": false,
      "cupPrice": "",
      "cupPriceValue": 0,
      "size": "",
      "image": "https://m.media-amazon.com/images/I/71ODkYph5RL._AC_UL320_.jpg",
      "url": "https://www.amazon.com.au/dp/B0FL1ZHKQ7",
      "retailer": "Amazon AU",
      "category": "Instant",
      "slug": "vittoria-coffee-mocha-instant-coffee-sachets-100-freeze-dried-premium-coffee-wit--amazon-au"
    },
    {
      "id": "amazon-1771331320881-3uj5i-15",
      "name": "Vittoria Coffee Caramel Latte Instant Coffee Sachets - 100% Freeze Dried Premium Coffee. Rich Caramel, Smooth Blend. Ready to mix, just add hot water. 8 Serves",
      "brand": "Vittoria Coffee",
      "price": 7.82,
      "wasPrice": null,
      "savingsAmount": 0,
      "isOnSpecial": false,
      "cupPrice": "",
      "cupPriceValue": 0,
      "size": "",
      "image": "https://m.media-amazon.com/images/I/715M97LNHLL._AC_UL320_.jpg",
      "url": "https://www.amazon.com.au/dp/B0FL1VZ93S",
      "retailer": "Amazon AU",
      "category": "Instant",
      "slug": "vittoria-coffee-caramel-latte-instant-coffee-sachets-100-freeze-dried-premium-co--amazon-au"
    },
    {
      "id": "amazon-1771331320881-79hik-16",
      "name": "The House of Robert Timms Gold Colombia Coffee Bags (18 Piece Pack)",
      "brand": "The House",
      "price": 13,
      "wasPrice": null,
      "savingsAmount": 0,
      "isOnSpecial": false,
      "cupPrice": "",
      "cupPriceValue": 0,
      "size": "",
      "image": "https://m.media-amazon.com/images/I/81O2W4x43AL._AC_UL320_.jpg",
      "url": "https://www.amazon.com.au/dp/B086RBSZL6",
      "retailer": "Amazon AU",
      "category": "Other",
      "slug": "the-house-of-robert-timms-gold-colombia-coffee-bags-18-piece-pack--amazon-au"
    },
    {
      "id": "amazon-1771331320881-ida6j-17",
      "name": "Moccona Coffee Sachets Skim Cappuccino 50 sachets (10 sachets x 5 packs)",
      "brand": "Moccona Coffee",
      "price": 39.5,
      "wasPrice": null,
      "savingsAmount": 0,
      "isOnSpecial": false,
      "cupPrice": "",
      "cupPriceValue": 0,
      "size": "",
      "image": "https://m.media-amazon.com/images/I/91W6WiR367L._AC_UL320_.jpg",
      "url": "https://www.amazon.com.au/dp/B00NNS0PZQ",
      "retailer": "Amazon AU",
      "category": "Sachets",
      "slug": "moccona-coffee-sachets-skim-cappuccino-50-sachets-10-sachets-x-5-packs--amazon-au"
    },
    {
      "id": "amazon-1771331320881-wzux7-18",
      "name": "Aik Cheong 3 in 1 Coffee Mix | Instant Coffee with Creamer and Sugar | Smooth, Creamy and Aromatic Coffee | Quick and Easy to Prepare | 18 g Sachets Pack of 25 | Premium Instant Beverage",
      "brand": "Aik Cheong",
      "price": 7.99,
      "wasPrice": null,
      "savingsAmount": 0,
      "isOnSpecial": false,
      "cupPrice": "$44.39 / 100g",
      "cupPriceValue": 44.39,
      "size": "18g",
      "image": "https://m.media-amazon.com/images/I/51uzg9v-M5L._AC_UL320_.jpg",
      "url": "https://www.amazon.com.au/dp/B00BJMPMB0",
      "retailer": "Amazon AU",
      "category": "Instant",
      "slug": "aik-cheong-3-in-1-coffee-mix-instant-coffee-with-creamer-and-sugar-smooth-creamy--amazon-au"
    },
    {
      "id": "amazon-1771331320882-sd5v6-19",
      "name": "Vittoria Coffee Latte Instant Coffee Sachets - 100% Freeze Dried Premium Coffee. Creamy, Smooth Blend. Ready to mix, just add hot water. 8 Serves (Pack of 2)",
      "brand": "Vittoria Coffee",
      "price": 17,
      "wasPrice": null,
      "savingsAmount": 0,
      "isOnSpecial": false,
      "cupPrice": "",
      "cupPriceValue": 0,
      "size": "",
      "image": "https://m.media-amazon.com/images/I/81sJuadfaIL._AC_UL320_.jpg",
      "url": "https://www.amazon.com.au/dp/B0G1SF3VM6",
      "retailer": "Amazon AU",
      "category": "Instant",
      "slug": "vittoria-coffee-latte-instant-coffee-sachets-100-freeze-dried-premium-coffee-cre--amazon-au"
    },
    {
      "id": "amazon-1771331320882-uvlk1-20",
      "name": "Aurora Granulated Instant Coffee Sachets, 1000 Count",
      "brand": "Aurora Granulated",
      "price": 120,
      "wasPrice": null,
      "savingsAmount": 0,
      "isOnSpecial": false,
      "cupPrice": "",
      "cupPriceValue": 0,
      "size": "",
      "image": "https://m.media-amazon.com/images/I/514gNGNP2SL._AC_UL320_.jpg",
      "url": "https://www.amazon.com.au/dp/B08BB96VVH",
      "retailer": "Amazon AU",
      "category": "Instant",
      "slug": "aurora-granulated-instant-coffee-sachets-1000-count--amazon-au"
    },
    {
      "id": "amazon-1771331320882-ytsgv-21",
      "name": "NESCAFÉ Gold Instant Coffee Stick Packs (1.7g x 280), 476g",
      "brand": "NESCAF",
      "price": 87.1,
      "wasPrice": null,
      "savingsAmount": 0,
      "isOnSpecial": false,
      "cupPrice": "$5123.53 / 100g",
      "cupPriceValue": 5123.53,
      "size": "1.7g",
      "image": "https://m.media-amazon.com/images/I/51xr0FnzT+L._AC_UL320_.jpg",
      "url": "https://www.amazon.com.au/dp/B087C2LMWV",
      "retailer": "Amazon AU",
      "category": "Instant",
      "slug": "nescaf-gold-instant-coffee-stick-packs-17g-x-280-476g--amazon-au"
    },
    {
      "id": "amazon-1771331320882-lkqkp-22",
      "name": "Moccona Espresso Dark Roast Concentrate Liquid Coffee Sachets 80 sachets (8 sachets x 10 packs)",
      "brand": "Moccona Espresso",
      "price": 73.53,
      "wasPrice": null,
      "savingsAmount": 0,
      "isOnSpecial": false,
      "cupPrice": "",
      "cupPriceValue": 0,
      "size": "",
      "image": "https://m.media-amazon.com/images/I/713k7hn1CAL._AC_UL320_.jpg",
      "url": "https://www.amazon.com.au/dp/B0F4K6MVQT",
      "retailer": "Amazon AU",
      "category": "Sachets",
      "slug": "moccona-espresso-dark-roast-concentrate-liquid-coffee-sachets-80-sachets-8-sache--amazon-au"
    },
    {
      "id": "amazon-1771331320883-uv9pb-23",
      "name": "Aik Cheong Hazelnut Flavour White Coffee | Aromatic and Smooth Instant Coffee with Premium Coffee Beans | Just Add Sugar or Milk for Rich, Creamy Taste | Convenient 40 g Pack of 12 Sachets",
      "brand": "Aik Cheong",
      "price": 8.99,
      "wasPrice": null,
      "savingsAmount": 0,
      "isOnSpecial": false,
      "cupPrice": "$22.48 / 100g",
      "cupPriceValue": 22.48,
      "size": "40g",
      "image": "https://m.media-amazon.com/images/I/71mBh5y9n0L._AC_UL320_.jpg",
      "url": "https://www.amazon.com.au/dp/B01MQTJ10E",
      "retailer": "Amazon AU",
      "category": "Beans",
      "slug": "aik-cheong-hazelnut-flavour-white-coffee-aromatic-and-smooth-instant-coffee-with--amazon-au"
    },
    {
      "id": "amazon-1771331323317-3fubh-0",
      "name": "Kind Coffee Iced Caramel Latte – Cold Brew Ready to Drink Coffee, Gluten Free, No Artificial Flavours or Colours, 250mL (Pack of 12)",
      "brand": "Kind Coffee",
      "price": 38.73,
      "wasPrice": null,
      "savingsAmount": 0,
      "isOnSpecial": false,
      "cupPrice": "",
      "cupPriceValue": 0,
      "size": "250mL",
      "image": "https://m.media-amazon.com/images/I/51aDQ5v3ibL._AC_UL320_.jpg",
      "url": "https://www.amazon.com.au/dp/B0FLYKTW5P",
      "retailer": "Amazon AU",
      "category": "Cold Brew",
      "slug": "kind-coffee-iced-caramel-latte-cold-brew-ready-to-drink-coffee-gluten-free-no-ar--amazon-au"
    },
    {
      "id": "amazon-1771331323318-3gg19-1",
      "name": "COFFEE HERO KENYA GACHUIRO - SIngle Origin 250 Grams Coffee Beans - High Altitude, Authentic Taste - Ideal Choice For Latte, AeroPress, Batch Brew, Stovetop, Pour-Over, Plunger & Cold Brew Light Roast",
      "brand": "COFFEE HERO",
      "price": 28.99,
      "wasPrice": 115.96,
      "savingsAmount": 86.97,
      "isOnSpecial": true,
      "cupPrice": "",
      "cupPriceValue": 0,
      "size": "",
      "image": "https://m.media-amazon.com/images/I/51+jbXlnzGL._AC_UL320_.jpg",
      "url": "https://www.amazon.com.au/dp/B0CW62M3FS",
      "retailer": "Amazon AU",
      "category": "Beans",
      "slug": "coffee-hero-kenya-gachuiro-single-origin-250-grams-coffee-beans-high-altitude-au--amazon-au"
    },
    {
      "id": "amazon-1771331323318-0i9yi-2",
      "name": "ST. ALi Wide Awake Cold Brew Concentrate | Strong Espresso Blend | Dark Chocolate, Butterscotch & Praline Notes | 2L Bag",
      "brand": "ST",
      "price": 50,
      "wasPrice": null,
      "savingsAmount": 0,
      "isOnSpecial": false,
      "cupPrice": "",
      "cupPriceValue": 0,
      "size": "2L",
      "image": "https://m.media-amazon.com/images/I/51bQ3uwEPDL._AC_UL320_.jpg",
      "url": "https://www.amazon.com.au/dp/B0FRFXJKJN",
      "retailer": "Amazon AU",
      "category": "Cold Brew",
      "slug": "st-ali-wide-awake-cold-brew-concentrate-strong-espresso-blend-dark-chocolate-but--amazon-au"
    },
    {
      "id": "amazon-1771331323318-irg5n-3",
      "name": "ST. ALi Orthodox Cold Brew Coffee Concentrate | Chocolate, Caramel & Butterscotch | 2L Bag",
      "brand": "ST",
      "price": 47,
      "wasPrice": null,
      "savingsAmount": 0,
      "isOnSpecial": false,
      "cupPrice": "",
      "cupPriceValue": 0,
      "size": "2L",
      "image": "https://m.media-amazon.com/images/I/51n9Szbx+nL._AC_UL320_.jpg",
      "url": "https://www.amazon.com.au/dp/B0FRG689QQ",
      "retailer": "Amazon AU",
      "category": "Cold Brew",
      "slug": "st-ali-orthodox-cold-brew-coffee-concentrate-chocolate-caramel-butterscotch-2l-b--amazon-au"
    },
    {
      "id": "amazon-1771331323319-kpibc-4",
      "name": "Starbucks Cold Brew Coffee Concentrate, Caramel Dolce, 100% Arabica, Multi-Serve Bottle (32 Fl Oz)",
      "brand": "Starbucks Cold",
      "price": 42.11,
      "wasPrice": 131.59,
      "savingsAmount": 89.48,
      "isOnSpecial": true,
      "cupPrice": "",
      "cupPriceValue": 0,
      "size": "",
      "image": "https://m.media-amazon.com/images/I/71z6EFAxWLL._AC_UL320_.jpg",
      "url": "https://www.amazon.com.au/dp/B088TDXD2G",
      "retailer": "Amazon AU",
      "category": "Cold Brew",
      "slug": "starbucks-cold-brew-coffee-concentrate-caramel-dolce-100-arabica-multi-serve-bot--amazon-au"
    },
    {
      "id": "amazon-1771331323319-578o4-5",
      "name": "ST. ALi Feels Good Organic Cold Brew Coffee | Ready to Drink | 250ml Cans | 24 Pack",
      "brand": "ST",
      "price": 82.5,
      "wasPrice": 330,
      "savingsAmount": 247.5,
      "isOnSpecial": true,
      "cupPrice": "",
      "cupPriceValue": 0,
      "size": "250ml",
      "image": "https://m.media-amazon.com/images/I/41qZJlb847L._AC_UL320_.jpg",
      "url": "https://www.amazon.com.au/dp/B0FRFT6DHG",
      "retailer": "Amazon AU",
      "category": "Cold Brew",
      "slug": "st-ali-feels-good-organic-cold-brew-coffee-ready-to-drink-250ml-cans-24-pack--amazon-au"
    },
    {
      "id": "amazon-1771331323319-enqkz-6",
      "name": "ST. ALi Wide Awake Cold Brew Coffee | Strong & Bold | 250ml Cans | 24 Pack",
      "brand": "ST",
      "price": 82.5,
      "wasPrice": 330,
      "savingsAmount": 247.5,
      "isOnSpecial": true,
      "cupPrice": "",
      "cupPriceValue": 0,
      "size": "250ml",
      "image": "https://m.media-amazon.com/images/I/41BcwWNRd3L._AC_UL320_.jpg",
      "url": "https://www.amazon.com.au/dp/B0FRF36V6T",
      "retailer": "Amazon AU",
      "category": "Cold Brew",
      "slug": "st-ali-wide-awake-cold-brew-coffee-strong-bold-250ml-cans-24-pack--amazon-au"
    },
    {
      "id": "amazon-1771331323319-f756e-7",
      "name": "CaffeBENE Iced Drink-Americano 190ml*10pk",
      "brand": "CaffeBENE Iced",
      "price": 14.5,
      "wasPrice": null,
      "savingsAmount": 0,
      "isOnSpecial": false,
      "cupPrice": "",
      "cupPriceValue": 0,
      "size": "190ml",
      "image": "https://m.media-amazon.com/images/I/517WiNzcbBL._AC_UL320_.jpg",
      "url": "https://www.amazon.com.au/dp/B0G33RBZSV",
      "retailer": "Amazon AU",
      "category": "Cold Brew",
      "slug": "caffebene-iced-drink-americano-190ml10pk--amazon-au"
    },
    {
      "id": "amazon-1771331323320-n2lox-9",
      "name": "Clark St Coffee - Cold Brew Can, 4 x 250ml",
      "brand": "Clark St",
      "price": 28.45,
      "wasPrice": null,
      "savingsAmount": 0,
      "isOnSpecial": false,
      "cupPrice": "",
      "cupPriceValue": 0,
      "size": "250ml",
      "image": "https://m.media-amazon.com/images/I/61A4GWs0TYL._AC_UL320_.jpg",
      "url": "https://www.amazon.com.au/dp/B0FX5CCL59",
      "retailer": "Amazon AU",
      "category": "Cold Brew",
      "slug": "clark-st-coffee-cold-brew-can-4-x-250ml--amazon-au"
    },
    {
      "id": "amazon-1771331323321-yo3hh-10",
      "name": "Coffee Hero Tanzania Olturoto - Light to Medium Roast Single Origin Coffee Beans - High Altitude, Fully Washed, Sun-Dried - Notes of Blackcurrant, Dark Chocolate, Honey and Caramel - 1 KG, Whole Bean",
      "brand": "Coffee Hero",
      "price": 62.99,
      "wasPrice": null,
      "savingsAmount": 0,
      "isOnSpecial": false,
      "cupPrice": "$6.30 / 100g",
      "cupPriceValue": 6.3,
      "size": "1KG",
      "image": "https://m.media-amazon.com/images/I/51GkXBYE6gL._AC_UL320_.jpg",
      "url": "https://www.amazon.com.au/dp/B0CW63L45L",
      "retailer": "Amazon AU",
      "category": "Beans",
      "slug": "coffee-hero-tanzania-olturoto-light-to-medium-roast-single-origin-coffee-beans-h--amazon-au"
    },
    {
      "id": "amazon-1771331323321-g1l43-11",
      "name": "Coffee Hero Ethiopia Muda Tatesa - Light Roast - SIngle Origin Coffee - Notes of Black Cherry, Mango Sweetness, Milk Chocolate, Roasted for Cold Brew, AeroPress, Pour Over, Plunger - 500 Grams, Whole Bean",
      "brand": "Coffee Hero",
      "price": 44.99,
      "wasPrice": 89.98,
      "savingsAmount": 44.99,
      "isOnSpecial": true,
      "cupPrice": "",
      "cupPriceValue": 0,
      "size": "",
      "image": "https://m.media-amazon.com/images/I/51ytRNzZB8L._AC_UL320_.jpg",
      "url": "https://www.amazon.com.au/dp/B0CW668PMM",
      "retailer": "Amazon AU",
      "category": "Beans",
      "slug": "coffee-hero-ethiopia-muda-tatesa-light-roast-single-origin-coffee-notes-of-black--amazon-au"
    },
    {
      "id": "amazon-1771331323321-sech9-12",
      "name": "Nescafé Espresso Vanilla Flavoured Coffee Concentrate 500 ml",
      "brand": "Nescaf",
      "price": 7.7,
      "wasPrice": 11,
      "savingsAmount": 3.3,
      "isOnSpecial": true,
      "cupPrice": "",
      "cupPriceValue": 0,
      "size": "500ml",
      "image": "https://m.media-amazon.com/images/I/711q5ZA8ZFL._AC_UL320_.jpg",
      "url": "https://www.amazon.com.au/dp/B0F9PBSQXC",
      "retailer": "Amazon AU",
      "category": "Other",
      "slug": "nescaf-espresso-vanilla-flavoured-coffee-concentrate-500-ml--amazon-au"
    },
    {
      "id": "amazon-1771331323321-f45yl-13",
      "name": "Allpress Espresso Latte Iced Speciality Coffee 240 ml (Pack of 12)",
      "brand": "Allpress Espresso",
      "price": 32,
      "wasPrice": null,
      "savingsAmount": 0,
      "isOnSpecial": false,
      "cupPrice": "",
      "cupPriceValue": 0,
      "size": "240ml",
      "image": "https://m.media-amazon.com/images/I/71hkA1jmJYL._AC_UL320_.jpg",
      "url": "https://www.amazon.com.au/dp/B0CHR6VS8L",
      "retailer": "Amazon AU",
      "category": "Cold Brew",
      "slug": "allpress-espresso-latte-iced-speciality-coffee-240-ml-pack-of-12--amazon-au"
    },
    {
      "id": "amazon-1771331323322-2au60-14",
      "name": "Java House Cold Brew Coffee Concentrate Single Serve Liquid Pods - 1.35 Fluid Ounces Each (Decaf, 12 Count)",
      "brand": "Java House",
      "price": 47.71,
      "wasPrice": null,
      "savingsAmount": 0,
      "isOnSpecial": false,
      "cupPrice": "",
      "cupPriceValue": 0,
      "size": "",
      "image": "https://m.media-amazon.com/images/I/81NIkPqh+bL._AC_UL320_.jpg",
      "url": "https://www.amazon.com.au/dp/B07GH6CJNZ",
      "retailer": "Amazon AU",
      "category": "Pods & Capsules",
      "slug": "java-house-cold-brew-coffee-concentrate-single-serve-liquid-pods-135-fluid-ounce--amazon-au"
    },
    {
      "id": "amazon-1771331323322-2io1m-15",
      "name": "NESCAFÉ Vanilla Espresso Coffee Concentrate 6x500ml Pack",
      "brand": "NESCAF",
      "price": 44.1,
      "wasPrice": null,
      "savingsAmount": 0,
      "isOnSpecial": false,
      "cupPrice": "",
      "cupPriceValue": 0,
      "size": "500ml",
      "image": "https://m.media-amazon.com/images/I/811cfvDVjGL._AC_UL320_.jpg",
      "url": "https://www.amazon.com.au/dp/B0DR7PY7N9",
      "retailer": "Amazon AU",
      "category": "Other",
      "slug": "nescaf-vanilla-espresso-coffee-concentrate-6x500ml-pack--amazon-au"
    },
    {
      "id": "amazon-1771331323322-2bfcy-16",
      "name": "Twilight Blend - (RICH & CREAMY) (Cold Brew Grind, 1kg)",
      "brand": "Twilight Blend",
      "price": 58.95,
      "wasPrice": null,
      "savingsAmount": 0,
      "isOnSpecial": false,
      "cupPrice": "$5.90 / 100g",
      "cupPriceValue": 5.9,
      "size": "1kg",
      "image": "https://m.media-amazon.com/images/I/61kQzNygmNL._AC_UL320_.jpg",
      "url": "https://www.amazon.com.au/dp/B0BNQ846BR",
      "retailer": "Amazon AU",
      "category": "Ground",
      "slug": "twilight-blend-rich-creamy-cold-brew-grind-1kg--amazon-au"
    },
    {
      "id": "amazon-1771331323322-hmius-17",
      "name": "Nescafé Espresso Rich Caramel Flavoured Coffee Concentrate 500 ml",
      "brand": "Nescaf",
      "price": 7.7,
      "wasPrice": 11,
      "savingsAmount": 3.3,
      "isOnSpecial": true,
      "cupPrice": "",
      "cupPriceValue": 0,
      "size": "500ml",
      "image": "https://m.media-amazon.com/images/I/716aZfkE1RL._AC_UL320_.jpg",
      "url": "https://www.amazon.com.au/dp/B0F9PFKVC9",
      "retailer": "Amazon AU",
      "category": "Other",
      "slug": "nescaf-espresso-rich-caramel-flavoured-coffee-concentrate-500-ml--amazon-au"
    },
    {
      "id": "amazon-1771331323323-e2jaf-18",
      "name": "Cor de Coco Dairy-Free Strong Long Black with a dash of Coconut Milk Iced Coffee 250 ml (Pack of 6)",
      "brand": "Cor",
      "price": 23.7,
      "wasPrice": null,
      "savingsAmount": 0,
      "isOnSpecial": false,
      "cupPrice": "",
      "cupPriceValue": 0,
      "size": "250ml",
      "image": "https://m.media-amazon.com/images/I/61lYBf1Qp0L._AC_UL320_.jpg",
      "url": "https://www.amazon.com.au/dp/B0D67CVQYR",
      "retailer": "Amazon AU",
      "category": "Cold Brew",
      "slug": "cor-de-coco-dairy-free-strong-long-black-with-a-dash-of-coconut-milk-iced-coffee--amazon-au"
    },
    {
      "id": "amazon-1771331323323-vimt4-19",
      "name": "Java House Cold Brew Coffee On Tap, Espresso, 128 Fl Oz",
      "brand": "Java House",
      "price": 91,
      "wasPrice": null,
      "savingsAmount": 0,
      "isOnSpecial": false,
      "cupPrice": "",
      "cupPriceValue": 0,
      "size": "",
      "image": "https://m.media-amazon.com/images/I/81bwdD5Pb5L._AC_UL320_.jpg",
      "url": "https://www.amazon.com.au/dp/B08QVNDNWP",
      "retailer": "Amazon AU",
      "category": "Cold Brew",
      "slug": "java-house-cold-brew-coffee-on-tap-espresso-128-fl-oz--amazon-au"
    },
    {
      "id": "amazon-1771331323323-zqst1-20",
      "name": "Nescafé Espresso Black Flavoured Coffee Concentrate 500 ml",
      "brand": "Nescaf",
      "price": 7.7,
      "wasPrice": 11,
      "savingsAmount": 3.3,
      "isOnSpecial": true,
      "cupPrice": "",
      "cupPriceValue": 0,
      "size": "500ml",
      "image": "https://m.media-amazon.com/images/I/61Ol0xOKyTL._AC_UL320_.jpg",
      "url": "https://www.amazon.com.au/dp/B0F9PCRV9Y",
      "retailer": "Amazon AU",
      "category": "Other",
      "slug": "nescaf-espresso-black-flavoured-coffee-concentrate-500-ml--amazon-au"
    },
    {
      "id": "amazon-1771331323323-0v3jo-21",
      "name": "UCC Gold Special Cold Brew Iced Coffee, 4 Bags",
      "brand": "UCC Gold",
      "price": 39.99,
      "wasPrice": 3999,
      "savingsAmount": 3959.01,
      "isOnSpecial": true,
      "cupPrice": "",
      "cupPriceValue": 0,
      "size": "",
      "image": "https://m.media-amazon.com/images/I/51aPqbtRspL._AC_UL320_.jpg",
      "url": "https://www.amazon.com.au/dp/B0C5RCJHKM",
      "retailer": "Amazon AU",
      "category": "Cold Brew",
      "slug": "ucc-gold-special-cold-brew-iced-coffee-4-bags--amazon-au"
    },
    {
      "id": "amazon-1771331323324-gwqzb-22",
      "name": "Green Mountain Coffee Roasters Almond Vanilla Iced Cold Brew Coffee, Single Serve Keurig K-Cup Pods, 20-Count Box",
      "brand": "Green Mountain",
      "price": 27.51,
      "wasPrice": null,
      "savingsAmount": 0,
      "isOnSpecial": false,
      "cupPrice": "",
      "cupPriceValue": 0,
      "size": "",
      "image": "https://m.media-amazon.com/images/I/81DCXw0aBhL._AC_UL320_.jpg",
      "url": "https://www.amazon.com.au/dp/B0CZ1WHC5R",
      "retailer": "Amazon AU",
      "category": "Pods & Capsules",
      "slug": "green-mountain-coffee-roasters-almond-vanilla-iced-cold-brew-coffee-single-serve--amazon-au"
    },
    {
      "id": "amazon-1771331323324-0yrd3-23",
      "name": "NESCAFÉ Black Espresso Coffee Concentrate 6x500ml Pack",
      "brand": "NESCAF",
      "price": 44.1,
      "wasPrice": null,
      "savingsAmount": 0,
      "isOnSpecial": false,
      "cupPrice": "",
      "cupPriceValue": 0,
      "size": "500ml",
      "image": "https://m.media-amazon.com/images/I/71bSj70qHML._AC_UL320_.jpg",
      "url": "https://www.amazon.com.au/dp/B0DR7RC5X8",
      "retailer": "Amazon AU",
      "category": "Other",
      "slug": "nescaf-black-espresso-coffee-concentrate-6x500ml-pack--amazon-au"
    },
    {
      "id": "amazon-1771331323324-gzvjl-24",
      "name": "UCC Gold Special Coffee Bags Cold Brew Iced Coffee, 4 Bags x 3",
      "brand": "UCC Gold",
      "price": 79.99,
      "wasPrice": null,
      "savingsAmount": 0,
      "isOnSpecial": false,
      "cupPrice": "",
      "cupPriceValue": 0,
      "size": "",
      "image": "https://m.media-amazon.com/images/I/71iJvKJwRdL._AC_UL320_.jpg",
      "url": "https://www.amazon.com.au/dp/B0BTCWFSJG",
      "retailer": "Amazon AU",
      "category": "Cold Brew",
      "slug": "ucc-gold-special-coffee-bags-cold-brew-iced-coffee-4-bags-x-3--amazon-au"
    },
    {
      "id": "amazon-1771331323324-llix5-25",
      "name": "Cor de Coco Dairy-Free Coconut Vanilla Latte Iced Coffee 250 ml (Pack of 6)",
      "brand": "Cor",
      "price": 22.76,
      "wasPrice": null,
      "savingsAmount": 0,
      "isOnSpecial": false,
      "cupPrice": "",
      "cupPriceValue": 0,
      "size": "250ml",
      "image": "https://m.media-amazon.com/images/I/61z1UxbXgqL._AC_UL320_.jpg",
      "url": "https://www.amazon.com.au/dp/B0D677TT2B",
      "retailer": "Amazon AU",
      "category": "Cold Brew",
      "slug": "cor-de-coco-dairy-free-coconut-vanilla-latte-iced-coffee-250-ml-pack-of-6--amazon-au"
    },
    {
      "id": "amazon-1771331323340-es3qs-27",
      "name": "Coffee Hero Honduras EL Paraiso - Single Origin Bean - Freshly Roasted Coffee, Light to Medium Roast - Notes of Sweet, Ruby Grapefruit, Milk Chocolate, Ripe Plum (500 Grams, Whole Beans)",
      "brand": "Coffee Hero",
      "price": 44.99,
      "wasPrice": 89.98,
      "savingsAmount": 44.99,
      "isOnSpecial": true,
      "cupPrice": "",
      "cupPriceValue": 0,
      "size": "",
      "image": "https://m.media-amazon.com/images/I/51RsqMZ5CXL._AC_UL320_.jpg",
      "url": "https://www.amazon.com.au/dp/B0CW69D11P",
      "retailer": "Amazon AU",
      "category": "Beans",
      "slug": "coffee-hero-honduras-el-paraiso-single-origin-bean-freshly-roasted-coffee-light--amazon-au"
    }
  ]
}